2160 4132
205 363 282 456 27&
384 382 564 433 ournnu
590 379 646 427 nu
674 368 841 428 rnorrs‘

206 511 349 593 portam
363 495 524 592 aperiant
533 551 544 587 ,
557 493 683 566 lumen
692 492 888 566 ostendant
897 549 912 586 ,
929 521 1042 570 exera-

206 610 318 684 citum
347 610 593 684 introducant,
617 612 782 683 Antenor
817 625 856 683 et
892 612 1041 687 AEneas

208 742 320 800 noctu
334 728 384 800 ad
401 744 545 826 portam
566 741 694 825 prosto
715 716 877 799 luemnt„
897 730 1042 831 Neop-

208 844 386 918 tolemum
408 859 659 946 susceperunt,
684 843 859 919 exercitui
879 864 1038 944 portam·

207 978 474 1056 reseraverunt,
495 963 620 1039 lumen
636 961 897 1058 ostenderunt,
937 965 1038 1068 fugae

210 1078 413 1176 praesidium
437 1079 503 1152 sibi
526 1095 562 1152 et
584 1079 655 1152 suis
676 1078 844 1152 omnibus
869 1096 913 1154 ut
939 1097 1036 1156 esset

210 1196 489 1295 postulaverunt.
503 1197 766 1295 Neoptolemus
779 1196 1035 1297 irruptionem

210 1312 295 1385 lacit
304 1369 316 1405 ,
332 1311 512 1412 Troianos
529 1314 631 1388 caedit
640 1369 653 1407 ,
674 1312 906 1412 persequitur
923 1314 1035 1387 Priass

211 1455 340 1523 mum,
356 1457 465 1530 quem
484 1446 566 1504 ante
580 1458 680 1504 aram
699 1429 798 1505 Jovis
817 1429 1034 1506 obtruncat.

212 1547 365 1620 Hecuba
378 1548 464 1620 dum
482 1548 575 1649 fugit
588 1575 670 1623 cum
683 1547 889 1648 Polyxena,
904 1549 1034 1623 AEneoe

212 1665 398 1740 occurrit:
424 1664 643 1766 Polyxenam
667 1666 700 1740 ei
723 1664 892 1757 tradidit,
912 1693 1027 1766 quam

213 1783 344 1854 AEneas
367 1784 417 1855 ad
437 1799 578 1880 patrem
600 1783 795 1858 Anchisem
820 1783 1027 1858 abscondit.

213 1897 466 1971 Andromacha
481 1915 517 1972 et
529 1887 724 1973 Cassandra
741 1900 778 1972 in
791 1900 870 1972 aede
885 1899 1025 1974 illiner-

213 2038 265 2087 rae
287 2038 323 2088 se
351 2030 486 2118 tegunt.
514 2019 609 2091 Tota
628 2018 687 2093 die
712 2034 748 2092 et
767 2033 872 2092 nocte
898 2017 1032 2121 Argiui

213 2158 290 2208 uon.
311 2150 446 2208 cessant
465 2149 625 2229 vastate,
646 2136 802 2235 praedam
824 2149 1031 2233 asportare,

423 2782 626 2852 CAPUT
661 2784 807 2856 XLII.

264 2954 508 3040 Poerunrr
522 2953 596 3027 dies
611 2952 746 3048 illuxit,
762 2959 792 3029 A
798 2980 1031 3057 gamemnom

214 3093 341 3144 onrnes
362 3072 469 3144 duces
494 3070 530 3143 in
553 3098 673 3144 arcem
694 3058 864 3147 Mjnedae
883 3087 1029 3145 convou

171 3240 174 3247 -
214 3199 298 3258 cat:
321 3186 537 3287 diisgrati'os
558 3187 654 3288 agit,
675 3188 872 3264 exercitum
889 3187 1034 3260 collau-e

123 3396 128 3403 ι
214 3300 293 3391 dat,
315 3328 463 3378 omnem
487 3306 647 3403 praedam
672 3309 773 3408 jubet
795 3307 832 3378 in
858 3305 1040 3378 medium.

215 3416 334 3492 afl'erri
348 3447 357 3490 ε
372 3445 452 3494 eam
465 3447 502 3497 se
516 3423 650 3522 pariter
662 3446 747 3501 rum
759 3423 935 3526 omnibus
941 3448 1040 3521 par-¹
