2160 4132
210 325 282 401 156-
522 350 699 399 uerae

204 472 329 521 mourut
344 460 382 521 de
399 462 539 523 vieillesse
553 486 562 521 a
576 464 645 524 c’est
662 464 816 547 pourquoi
830 462 944 526 Lueieu
958 463 1014 524 fait

203 562 267 623 dire
277 563 532 646 inge'nieusement
546 570 564 626 a
577 567 605 659 la
615 578 735 650 gouttez

282 721 375 797 ἰθάκης
388 730 490 791 ἄνακτα
501 733 662 814 Λαερτιάδην
677 723 821 809 uacare,
838 785 844 797 ,

280 823 343 911 ἑγὼ
352 838 528 912 uariaretur,
542 839 591 894 οὐκ
606 840 706 895 ἀκάνθα
721 840 858 917 τρυγόνος.

204 996 218 1026 ⁴<
232 971 309 1033 C’est
321 973 383 1033 moi
393 975 444 1052 qui
458 975 486 1031 ai
499 972 601 1033 donne'
610 975 638 1033 la
652 987 732 1033 mort
745 978 762 1033 a
774 976 895 1055 Ulysse,
915 973 959 1033 fils
971 970 1010 1032 de

197 1072 316 1148 Laerte,
330 1086 358 1133 et
368 1093 429 1132 non
440 1075 527 1152 point
536 1094 596 1131 une
610 1075 696 1154 e'piue
710 1074 747 1133 de
758 1076 935 1135 tourterefle.
949 1102 963 1129 a

239 1176 301 1252 (45)
322 1172 458 1232 Eustathe
474 1185 611 1255 rapporte
633 1193 690 1254 que
711 1175 740 1231 la
757 1173 841 1232 lance
861 1173 898 1232 de
914 1174 1012 1234 Te'le'-

195 1294 274 1357 gune
294 1274 340 1332 fut
363 1272 519 1353 fabriquee
542 1294 596 1356 par
619 1272 767 1348 varaia,
789 1293 848 1353 que
870 1271 935 1332 l'un
954 1271 1018 1332 des·

197 1375 285 1436 bouts
298 1375 365 1436 e'tait
378 1376 461 1436 arma}
472 1373 546 1434 d’un
557 1375 636 1441 oede
648 1375 815 1434 tourterelle
829 1373 965 1447 marine,
980 1387 1011 1435 et

196 1476 301 1537 l'eutre
323 1475 396 1536 orne'
413 1475 480 1535 d’or
497 1487 526 1535 et
541 1476 578 1535 de
594 1476 749 1535 diamants.
776 1474 902 1536 suivant
919 1472 1010 1534 d'au-

197 1589 270 1653 tres,
291 1580 345 1638 elle
359 1578 426 1637 e'tait
442 1576 557 1637 forme'e
574 1577 648 1636 d’un
662 1597 692 1636 os
705 1575 742 1635 de
754 1577 921 1636 tourterelle
934 1597 1012 1636 seu-

197 1682 318 1743 lement.
339 1680 484 1740 Plusieurs
501 1691 618 1739 auteurs
637 1690 689 1738 ont
706 1677 749 1737 dit
762 1697 820 1759 que
831 1689 877 1738 cet
892 1679 1004 1738 animal

199 1782 323 1843 donnait
344 1783 373 1842 la
389 1793 471 1842 mort
490 1806 500 1839 a
520 1781 666 1853 Nicaea,
690 1779 834 1860 Hesych„
858 1780 1002 1860 Antigorr.

195 1882 334 1963 Appien‚
350 1882 400 1941 liv.
424 1901 465 1955 rr,
483 1902 519 1939 en
528 1885 646 1962 parlant
664 1879 700 1939 de
713 1882 744 1941 la
759 1881 875 1954 chasse,
885 1880 927 1940 dit
942 1901 1008 1962 que·

196 1993 241 2043 eet
252 2003 283 2041 us
293 2002 323 2041 se
333 1993 437 2043 trouve
450 1982 522 2041 dans
532 1984 561 2042 la
571 2002 680 2063 queue.

234 2082 299 2163 (44)
320 2083 441 2165 Hygia,
465 2083 627 2168 fable127.
659 2085 853 2165 Telegonus,
880 2084 1007 2167 Ulyssa

194 2199 224 2245 et
247 2185 349 2245 Circes
358 2184 464 2267 filius,
491 2190 599 2246 missus
618 2209 638 2245 α
661 2200 757 2246 matre
778 2201 809 2245 ut
832 2190 1004 2262 genitorem·

194 2302 354 2369 quaereret,
380 2302 554 2370 tempestate
575 2292 607 2345 in
626 2287 771 2346 Ithacam
798 2302 840 2346 est
862 2287 995 2359 delatus,

191 2390 294 2471 {bique
308 2390 403 2470 fame
425 2404 545 2449 coactus
573 2410 662 2468 agros
688 2388 867 2469 depopulari
893 2392 995 2468 coept't.

203 2491 279 2549 Cum
299 2511 358 2570 quo
378 2491 504 2566 Ulyeaes
518 2504 550 2548 et
576 2489 775 2548 Telemachus
792 2492 896 2566 ignari
906 2510 996 2548 arma

193 2589 383 2648 contulerunt
389 2613 403 2662 ,·
429 2590 552 2668 Utyaser
562 2613 582 2648 α
599 2591 757 2670 Telegono
760 2591 835 2672 filio
847 2603 892 2646 est
905 2594 998 2647 r'nter-

181 2691 294 2772 fectus.
315 2717 328 2743 a
343 2689 514 2770 Telegoue‚
529 2690 574 2749 fils
587 2691 721 2772 d'Ulysse
737 2703 763 2750 et
778 2691 813 2749 de
826 2690 926 2763 Circe',
939 2710 996 2748 en-

191 2790 267 2874 voye
287 2813 340 2874 par
357 2813 386 2851 sa
405 2794 486 2851 mere
499 2794 517 2850 ὲ
529 2792 556 2851 la
568 2792 725 2861 recherche
737 2793 773 2851 de
783 2814 836 2852 sou
850 2792 936 2873 p'ere,
952 2791 997 2850 fut

190 2895 294 2978 pousse'
306 2896 401 2955 surles
413 2895 488 2954 cutes
500 2893 997 2975 d’Ithaqueparunetempete31'a,

190 2998 286 3081 presse
295 3019 349 3078 par
359 2998 386 3056 la
397 2997 483 3069 saian,
501 2996 657 3076 ilravagea
666 2997 694 3054 le
705 3015 879 3076 eampagae.
894 2995 1002 3073 Ulysse

188 3111 216 3159 et
222 3100 415 3178 Telemaque
423 3118 487 3156 sans
498 3099 525 3155 le
535 3096 696 3170 connattre,
710 3096 999 3157 s'avencerenteou·

186 3210 230 3257 tre
244 3200 307 3270 lui,
325 3211 353 3257 et
364 3200 466 3279 Ulysse
484 3197 529 3256 fut
543 3196 592 3257 tue
607 3218 661 3278 par
675 3218 727 3256 son
736 3197 785 3259 fils
799 3196 960 3278 Telegone.
976 3224 991 3248 υ

185 3298 209 3357 11
221 3318 241 3376 y
257 3318 273 3354 a
285 3318 344 3377 peu
364 3296 401 3354 de
416 3297 574 3359 differeuce
587 3308 669 3357 entre
680 3297 707 3355 le
718 3309 840 3380 rapport
857 3296 993 3377 d'Hygiu

182 3412 212 3461 et
232 3398 310 3458 celui
331 3397 367 3459 de
380 3398 498 3481 Dictys„
527 3399 654 3467 suivant
671 3398 810 3482 Oppien,
832 3397 1005 3479 Teleguuff

75 3510 81 3539 1
