2160 4132
182 378 209 451 6
368 408 547 460 oti-unns
575 412 627 460 nu
654 412 806 463 numu.

186 544 205 584 n
225 540 336 616 quam
362 533 506 617 tempus
540 521 627 597 iilud
646 579 660 617 ,
694 553 768 627 quo
783 505 786 515 ¹
804 524 995 625 adjunctus

187 665 208 707 a
225 633 457 733 Alexandro,
477 638 524 713 ad
540 656 684 739 raptum
697 643 846 718 Helenae
872 640 990 717 corni-

187 779 206 820 »
225 767 338 827 tatum
363 755 418 831 sui
437 757 603 854 praebuit.
633 762 703 835 Sed
727 752 995 860 praeteritorum

185 870 328 947 »satias
356 903 365 943 ε
393 873 524 946 futuris
547 875 678 948 saltem
702 875 922 974 pascendum
949 902 992 948 ac

185 1014 206 1056 n
227 987 484 1063 consulendum
503 1004 567 1063 est.
592 991 711 1064 Graeci
723 992 887 1064 homines
912 1018 994 1064 cus·

184 1130 206 1174 a
224 1105 326 1178 mdes
339 1103 422 1177 fidei
440 1130 481 1177 ac
497 1103 661 1189 ,ueritatis
670 1160 683 1197 ‚
696 1104 873 1204 principes
885 1107 991 1178 bene·

184 1249 208 1292 n
221 1218 384 1295 volentia
415 1234 523 1318 atque
551 1219 765 1294 officiorum.
795 1221 910 1294 Testis
938 1220 993 1293 his

84 1320 87 1324 i
188 1364 208 1415 u
222 1335 330 1409 rebus
341 1332 525 1430 Ptiamus,
541 1335 655 1436 quiin
676 1336 755 1434 ipso
767 1335 918 1435 stmpitu
928 1337 996 1410 dis·

185 1479 208 1522 u
223 1449 606 1545 coidiamm,f1uctum
616 1468 738 1526 tamen
746 1452 997 1529 misericordia

187 1593 352 1645 »eorum
373 1565 452 1640 tulit
473 1599 482 1639 ε
505 1594 623 1669 neque
647 1567 835 1645 inferendo
859 1567 995 1643 bellum

188 1685 424 1786 »quidquam
460 1685 560 1782 prius
590 1700 806 1760 temeratum
839 1684 885 1759 ab
918 1685 994 1780 his,

190 1831 211 1874 u
227 1810 338 1903 quam
356 1799 546 1898 perfidiam
564 1799 601 1873 in
621 1800 697 1899 ipsa
719 1800 918 1904 legatione,
938 1802 996 1878 in-

188 1947 211 1993 »
227 1917 403 2018 sidiasque
416 1919 461 1991 ab
473 1917 602 1992 nostris
615 1919 751 2019 experti
760 1935 854 1995 sunt.
868 1924 910 1994 In
924 1947 996 2020 qua

191 2065 212 2108 n
227 2061 293 2129 re,
319 2033 400 2109 diuo
421 2032 521 2111 enim
548 2035 646 2136 quod
668 2035 809 2130 sentio,
835 2035 997 2110 Priamus

193 2153 379 2253 »ejusque
389 2150 453 2225 filii
460 2167 621 2229 auctores
632 2183 641 2226 z
652 2152 690 2227 in
702 2153 758 2227 his
769 2153 877 2229 etiam
886 2152 998 2226 Anti-¹

193 2303 216 2344 n
228 2275 399 2365 machus3
417 2274 481 2375 qui
495 2301 617 2351 recens
629 2275 765 2349 amissis
778 2273 917 2368 liberis,
929 2273 999 2347 ini-

195 2389 373 2491 uquitatis
392 2416 463 2464 suae
480 2417 601 2488 poenas
616 2389 694 2464 luit.
711 2391 801 2462 Haec
820 2388 942 2462 omnia
960 2389 1014 2460 in·

200 2537 221 2577 u
236 2505 388 2606 gratiam
401 2505 549 2582 Helenae
561 2521 677 2609 gesta,
690 2503 820 2578 scilicet
830 2502 907 2597 ejus
917 2530 1000 2577 mu-

195 2653 218 2694 u
232 2622 347 2717 lieris,
363 2651 473 2724 quam
491 2652 538 2699 ne
555 2622 669 2698 Graeci
681 2618 828 2722 quidem
842 2618 1002 2716 recipere

194 2770 216 2812 n
233 2739 400 2843 gestiunt.
415 2741 627 2818 Retineatur
637 2736 747 2839 igitur
757 2735 796 2808 in
808 2735 948 2812 civitate
962 2763 1005 2809 ea

195 2885 217 2928 a
227 2856 399 2949 foemina,
413 2857 462 2930 ob
478 2882 588 2957 quam
600 2853 695 2928 nulla
710 2879 819 2956 gens,
836 2851 923 2926 nulli
938 2878 1014 2949 po·-

196 3001 218 3044 n
237 2970 313 3069 puli
324 2969 430 3046 amici
441 2997 593 3071 usquam
601 3024 614 3062 ‚
631 2985 692 3045 aut
705 2995 778 3043 non
790 2967 910 3042 infesti
921 2967 1006 3042 huic

200 3117 220 3159 u
235 3115 360 3191 regno.
380 3089 514 3163 Nonne
533 3102 660 3185 sponte
672 3086 847 3185 supplices
864 3102 904 3159 ut
917 3085 1008 3160 reci-

201 3234 220 3276 »
235 3204 334 3303 piant
351 3230 431 3278 eam
449 3202 681 3305 rogabimus?
693 3228 766 3276 non
777 3203 879 3276 omni
896 3200 1009 3276 modo

202 3322 492 3426 »satisfaciemus
512 3321 599 3395 laesis
614 3322 689 3422 jam
713 3321 818 3393 toties
836 3345 902 3416 per
917 3319 1009 3394 nos?

204 3470 223 3512 u
238 3465 314 3518 non
329 3440 367 3515 in
384 3437 549 3517 futurum
562 3440 688 3516 saltem
701 3436 1010 3514 reconciliabimus
