<?xml version="1.0" encoding="UTF-8"?>
<!DOCTYPE html PUBLIC "-//W3C//DTD XHTML 1.0 Transitional//EN"
    "http://www.w3.org/TR/xhtml1/DTD/xhtml1-transitional.dtd">
<html xmlns="http://www.w3.org/1999/xhtml" xml:lang="en" lang="en">
 <head>
  <title>
</title>
<meta http-equiv="Content-Type" content="text/html;charset=utf-8" />
  <meta name='ocr-system' content='tesseract 3.04.00' />
  <meta name='ocr-capabilities' content='ocr_page ocr_carea ocr_par ocr_line ocrx_word'/>
</head>
<body>
  <div class='ocr_page' id='page_1' title='image "./histoiredelague00daregoog_0197.png"; bbox 0 0 2160 4132; ppageno 0'>
   <div class='ocr_carea' id='block_1_1' title="bbox 266 409 888 486">
    <p class='ocr_par' dir='ltr' id='par_1_1' title="bbox 266 409 888 486">
     <span class='ocr_line' id='line_1_1' title="bbox 266 409 888 486; baseline 0 -1"><span class='ocrx_word' id='word_1_1' title='bbox 266 435 439 486; x_wconf 79' lang='lat' dir='ltr'><strong>annana</strong></span> <span class='ocrx_word' id='word_1_2' title='bbox 468 437 521 484; x_wconf 82' lang='lat' dir='ltr'><strong>or:</strong></span> <span class='ocrx_word' id='word_1_3' title='bbox 549 436 700 485; x_wconf 75' lang='lat' dir='ltr'><strong>nnorr.</strong></span> <span class='ocrx_word' id='word_1_4' title='bbox 822 409 888 485; x_wconf 81' lang='lat'><strong>185</strong></span> 
     </span>
    </p>
   </div>
   <div class='ocr_carea' id='block_1_2' title="bbox 79 547 902 1698">
    <p class='ocr_par' dir='ltr' id='par_1_2' title="bbox 79 547 902 1698">
     <span class='ocr_line' id='line_1_2' title="bbox 79 547 894 646; baseline 0 -25"><span class='ocrx_word' id='word_1_5' title='bbox 79 550 181 646; x_wconf 78' lang='lat' dir='ltr'><strong>Quos</strong></span> <span class='ocrx_word' id='word_1_6' title='bbox 195 547 403 623; x_wconf 82' lang='lat' dir='ltr'><strong>Alexander</strong></span> <span class='ocrx_word' id='word_1_7' title='bbox 415 547 768 622; x_wconf 81' lang='lat' dir='ltr'><strong>fretusmultitudine</strong></span> <span class='ocrx_word' id='word_1_8' title='bbox 782 547 894 624; x_wconf 87' lang='lat' dir='ltr'><strong>socio·</strong></span> 
     </span>
     <span class='ocr_line' id='line_1_3' title="bbox 82 664 893 764; baseline 0 -27"><span class='ocrx_word' id='word_1_9' title='bbox 82 681 164 738; x_wconf 88' lang='lat' dir='ltr'><strong>rum</strong></span> <span class='ocrx_word' id='word_1_10' title='bbox 182 664 380 764; x_wconf 87' lang='lat' dir='ltr'><strong>superavit,</strong></span> <span class='ocrx_word' id='word_1_11' title='bbox 394 665 521 738; x_wconf 82' lang='lat' dir='ltr'><strong>fanum</strong></span> <span class='ocrx_word' id='word_1_12' title='bbox 536 665 760 763; x_wconf 81' lang='lat' dir='ltr'><strong>exspoliavit,</strong></span> <span class='ocrx_word' id='word_1_13' title='bbox 773 664 893 741; x_wconf 88' lang='lat' dir='ltr'><strong>homi·</strong></span> 
     </span>
     <span class='ocr_line' id='line_1_4' title="bbox 84 780 893 882; baseline 0.001 -28"><span class='ocrx_word' id='word_1_14' title='bbox 84 807 148 854; x_wconf 89' lang='lat' dir='ltr'><strong>nes</strong></span> <span class='ocrx_word' id='word_1_15' title='bbox 165 807 287 856; x_wconf 88' lang='lat' dir='ltr'><strong>secum</strong></span> <span class='ocrx_word' id='word_1_16' title='bbox 302 781 590 882; x_wconf 85' lang='lat' dir='ltr'><strong>quamplurimos</strong></span> <span class='ocrx_word' id='word_1_17' title='bbox 603 780 760 880; x_wconf 85' lang='lat' dir='ltr'><strong>captivos</strong></span> <span class='ocrx_word' id='word_1_18' title='bbox 773 781 893 876; x_wconf 81' lang='lat' dir='ltr'><strong>duxit,</strong></span> 
     </span>
     <span class='ocr_line' id='line_1_5' title="bbox 85 894 897 1002; baseline 0.005 -33"><span class='ocrx_word' id='word_1_19' title='bbox 85 898 123 970; x_wconf 93' lang='lat' dir='ltr'><strong>in</strong></span> <span class='ocrx_word' id='word_1_20' title='bbox 146 899 267 976; x_wconf 79' lang='lat' dir='ltr'><strong>navim</strong></span> <span class='ocrx_word' id='word_1_21' title='bbox 292 899 485 998; x_wconf 83' lang='lat' dir='ltr'><strong>imposuit,</strong></span> <span class='ocrx_word' id='word_1_22' title='bbox 507 899 654 974; x_wconf 79' lang='lat' dir='ltr'>classem</span> <span class='ocrx_word' id='word_1_23' title='bbox 679 899 811 1002; x_wconf 52' lang='lat' dir='ltr'><strong>solvit,</strong></span> <span class='ocrx_word' id='word_1_24' title='bbox 828 894 897 973; x_wconf 87' lang='lat' dir='ltr'><strong>do-</strong></span> 
     </span>
     <span class='ocr_line' id='line_1_6' title="bbox 86 1014 899 1115; baseline 0.002 -27"><span class='ocrx_word' id='word_1_25' title='bbox 86 1039 190 1088; x_wconf 89' lang='lat' dir='ltr'><strong>mum</strong></span> <span class='ocrx_word' id='word_1_26' title='bbox 203 1016 335 1092; x_wconf 88' lang='lat' dir='ltr'><strong>reverti</strong></span> <span class='ocrx_word' id='word_1_27' title='bbox 352 1014 547 1114; x_wconf 82' lang='lat' dir='ltr'><strong>disposuit,</strong></span> <span class='ocrx_word' id='word_1_28' title='bbox 563 1016 601 1087; x_wconf 91' lang='lat' dir='ltr'><strong>in</strong></span> <span class='ocrx_word' id='word_1_29' title='bbox 614 1031 762 1115; x_wconf 86' lang='lat' dir='ltr'><strong>portum</strong></span> <span class='ocrx_word' id='word_1_30' title='bbox 776 1020 899 1091; x_wconf 86' lang='lat' dir='ltr'><strong>Tene-</strong></span> 
     </span>
     <span class='ocr_line' id='line_1_7' title="bbox 86 1130 900 1230; baseline 0.002 -26"><span class='ocrx_word' id='word_1_31' title='bbox 86 1131 159 1206; x_wconf 86' lang='lat' dir='ltr'><strong>don</strong></span> <span class='ocrx_word' id='word_1_32' title='bbox 172 1133 354 1230; x_wconf 89' lang='lat' dir='ltr'><strong>pervenit‚</strong></span> <span class='ocrx_word' id='word_1_33' title='bbox 367 1131 429 1204; x_wconf 87' lang='lat' dir='ltr'><strong>uhi</strong></span> <span class='ocrx_word' id='word_1_34' title='bbox 442 1130 622 1205; x_wconf 83' lang='lat' dir='ltr'>Helenam</span> <span class='ocrx_word' id='word_1_35' title='bbox 636 1147 801 1207; x_wconf 85' lang='lat' dir='ltr'><strong>moestam</strong></span> <span class='ocrx_word' id='word_1_36' title='bbox 814 1131 900 1206; x_wconf 91' lang='lat' dir='ltr'><strong>allo·</strong></span> 
     </span>
     <span class='ocr_line' id='line_1_8' title="bbox 86 1249 899 1352; baseline 0.004 -30"><span class='ocrx_word' id='word_1_37' title='bbox 86 1249 172 1349; x_wconf 92' lang='lat' dir='ltr'><strong>quio</strong></span> <span class='ocrx_word' id='word_1_38' title='bbox 195 1249 396 1352; x_wconf 85' lang='lat' dir='ltr'><strong>mitigavit,</strong></span> <span class='ocrx_word' id='word_1_39' title='bbox 417 1249 511 1346; x_wconf 86' lang='lat' dir='ltr'><strong>patri</strong></span> <span class='ocrx_word' id='word_1_40' title='bbox 530 1251 582 1323; x_wconf 90' lang='lat' dir='ltr'><strong>rei</strong></span> <span class='ocrx_word' id='word_1_41' title='bbox 601 1267 708 1351; x_wconf 85' lang='lat' dir='ltr'><strong>gestae</strong></span> <span class='ocrx_word' id='word_1_42' title='bbox 724 1251 899 1325; x_wconf 86' lang='lat' dir='ltr'><strong>nuncium</strong></span> 
     </span>
     <span class='ocr_line' id='line_1_9' title="bbox 87 1366 901 1466; baseline 0.005 -28"><span class='ocrx_word' id='word_1_43' title='bbox 87 1366 196 1439; x_wconf 89' lang='lat' dir='ltr'><strong>misit.</strong></span> <span class='ocrx_word' id='word_1_44' title='bbox 216 1367 387 1441; x_wconf 68' lang='lat' dir='ltr'><strong>‘Menelao</strong></span> <span class='ocrx_word' id='word_1_45' title='bbox 408 1381 601 1463; x_wconf 82' lang='lat' dir='ltr'><strong>postquam</strong></span> <span class='ocrx_word' id='word_1_46' title='bbox 627 1366 665 1438; x_wconf 93' lang='lat' dir='ltr'><strong>in</strong></span> <span class='ocrx_word' id='word_1_47' title='bbox 688 1367 780 1466; x_wconf 82' lang='lat' dir='ltr'><strong>Pylo</strong></span> <span class='ocrx_word' id='word_1_48' title='bbox 802 1396 901 1442; x_wconf 87' lang='lat' dir='ltr'><strong>nnn·</strong></span> 
     </span>
     <span class='ocr_line' id='line_1_10' title="bbox 90 1481 901 1581; baseline 0.002 -25"><span class='ocrx_word' id='word_1_49' title='bbox 90 1483 223 1556; x_wconf 89' lang='lat' dir='ltr'><strong>ciatum</strong></span> <span class='ocrx_word' id='word_1_50' title='bbox 246 1497 320 1576; x_wconf 89' lang='lat' dir='ltr'><strong>est,</strong></span> <span class='ocrx_word' id='word_1_51' title='bbox 345 1509 429 1557; x_wconf 86' lang='lat' dir='ltr'><strong>curn</strong></span> <span class='ocrx_word' id='word_1_52' title='bbox 454 1481 609 1555; x_wconf 82' lang='lat' dir='ltr'><strong>Nestore</strong></span> <span class='ocrx_word' id='word_1_53' title='bbox 630 1486 794 1578; x_wconf 81' lang='lat' dir='ltr'><strong>Spartam</strong></span> <span class='ocrx_word' id='word_1_54' title='bbox 810 1508 901 1581; x_wconf 91' lang='lat' dir='ltr'><strong>pro·</strong></span> 
     </span>
     <span class='ocr_line' id='line_1_11' title="bbox 89 1597 902 1698; baseline 0.007 -27"><span class='ocrx_word' id='word_1_55' title='bbox 89 1597 210 1673; x_wconf 84' lang='lat' dir='ltr'><strong>fectus·</strong></span> <span class='ocrx_word' id='word_1_56' title='bbox 232 1615 319 1692; x_wconf 90' lang='lat' dir='ltr'><strong>est‚·</strong></span> <span class='ocrx_word' id='word_1_57' title='bbox 336 1597 382 1672; x_wconf 88' lang='lat' dir='ltr'><strong>ad</strong></span> <span class='ocrx_word' id='word_1_58' title='bbox 403 1600 721 1698; x_wconf 84' lang='lat' dir='ltr'><strong>Agamemnonem</strong></span> <span class='ocrx_word' id='word_1_59' title='bbox 749 1599 902 1677; x_wconf 87' lang='lat' dir='ltr'><strong>fratrem</strong></span> 
     </span>
    </p>
   </div>
   <div class='ocr_carea' id='block_1_3' title="bbox 89 1715 793 1820">
    <p class='ocr_par' dir='ltr' id='par_1_3' title="bbox 89 1715 793 1820">
     <span class='ocr_line' id='line_1_12' title="bbox 89 1715 793 1820; baseline -0.001 -29"><span class='ocrx_word' id='word_1_60' title='bbox 89 1715 189 1791; x_wconf 88' lang='lat' dir='ltr'><strong>misit</strong></span> <span class='ocrx_word' id='word_1_61' title='bbox 199 1718 340 1819; x_wconf 84' lang='lat' dir='ltr'><strong>Argos,</strong></span> <span class='ocrx_word' id='word_1_62' title='bbox 355 1743 486 1820; x_wconf 85' lang='lat' dir='ltr'><strong>rogans</strong></span> <span class='ocrx_word' id='word_1_63' title='bbox 500 1731 539 1794; x_wconf 88' lang='lat' dir='ltr'><strong>ut</strong></span> <span class='ocrx_word' id='word_1_64' title='bbox 553 1717 598 1794; x_wconf 85' lang='lat' dir='ltr'><strong>ad</strong></span> <span class='ocrx_word' id='word_1_65' title='bbox 612 1742 650 1795; x_wconf 87' lang='lat' dir='ltr'><strong>se</strong></span> <span class='ocrx_word' id='word_1_66' title='bbox 662 1717 793 1797; x_wconf 80' lang='lat' dir='ltr'><strong>veniat.</strong></span> 
     </span>
    </p>
   </div>
   <div class='ocr_carea' id='block_1_4' title="bbox 350 2451 648 2531">
    <p class='ocr_par' dir='ltr' id='par_1_4' title="bbox 350 2451 648 2531">
     <span class='ocr_line' id='line_1_13' title="bbox 350 2451 648 2531; baseline -0.013 -3"><span class='ocrx_word' id='word_1_67' title='bbox 350 2451 542 2531; x_wconf 78' lang='lat' dir='ltr'>CAPUT</span> <span class='ocrx_word' id='word_1_68' title='bbox 576 2458 648 2529; x_wconf 83' lang='lat' dir='ltr'><strong>XI.</strong></span> 
     </span>
    </p>
   </div>
   <div class='ocr_carea' id='block_1_5' title="bbox 98 2650 910 3094">
    <p class='ocr_par' dir='ltr' id='par_1_5' title="bbox 98 2650 910 3094">
     <span class='ocr_line' id='line_1_14' title="bbox 146 2650 906 2746; baseline -0.005 -24"><span class='ocrx_word' id='word_1_69' title='bbox 146 2653 315 2723; x_wconf 71' lang='lat' dir='ltr'><strong>Inurum</strong></span> <span class='ocrx_word' id='word_1_70' title='bbox 343 2650 546 2724; x_wconf 81' lang='lat' dir='ltr'><strong>Alexander</strong></span> <span class='ocrx_word' id='word_1_71' title='bbox 568 2650 616 2723; x_wconf 86' lang='lat' dir='ltr'><strong>ad</strong></span> <span class='ocrx_word' id='word_1_72' title='bbox 638 2665 778 2746; x_wconf 89' lang='lat' dir='ltr'><strong>patrem</strong></span> <span class='ocrx_word' id='word_1_73' title='bbox 800 2672 906 2721; x_wconf 91' lang='lat' dir='ltr'><strong>suum</strong></span> 
     </span>
     <span class='ocr_line' id='line_1_15' title="bbox 98 2752 909 2865; baseline -0.009 -27"><span class='ocrx_word' id='word_1_74' title='bbox 98 2791 181 2838; x_wconf 90' lang='lat' dir='ltr'><strong>cum</strong></span> <span class='ocrx_word' id='word_1_75' title='bbox 203 2763 322 2859; x_wconf 86' lang='lat' dir='ltr'><strong>praeda</strong></span> <span class='ocrx_word' id='word_1_76' title='bbox 344 2766 526 2858; x_wconf 71' lang='lat' dir='ltr'><strong>peruenit,</strong></span> <span class='ocrx_word' id='word_1_77' title='bbox 551 2780 587 2837; x_wconf 92' lang='lat' dir='ltr'><strong>et</strong></span> <span class='ocrx_word' id='word_1_78' title='bbox 612 2764 664 2836; x_wconf 88' lang='lat' dir='ltr'><strong>rei</strong></span> <span class='ocrx_word' id='word_1_79' title='bbox 684 2752 789 2862; x_wconf 76' lang='lat' dir='ltr'><strong>gestae</strong></span> <span class='ocrx_word' id='word_1_80' title='bbox 811 2760 909 2865; x_wconf 84' lang='lat' dir='ltr'><strong>ordi·</strong></span> 
     </span>
     <span class='ocr_line' id='line_1_16' title="bbox 99 2877 910 2979; baseline 0.002 -27"><span class='ocrx_word' id='word_1_81' title='bbox 99 2906 185 2952; x_wconf 89' lang='lat' dir='ltr'><strong>nem</strong></span> <span class='ocrx_word' id='word_1_82' title='bbox 206 2879 328 2951; x_wconf 86' lang='lat' dir='ltr'><strong>refert.</strong></span> <span class='ocrx_word' id='word_1_83' title='bbox 345 2878 507 2951; x_wconf 86' lang='lat' dir='ltr'><strong>Priamus</strong></span> <span class='ocrx_word' id='word_1_84' title='bbox 521 2877 660 2979; x_wconf 83' lang='lat' dir='ltr'><strong>gavisus</strong></span> <span class='ocrx_word' id='word_1_85' title='bbox 673 2893 745 2969; x_wconf 86' lang='lat' dir='ltr'><strong>est,</strong></span> <span class='ocrx_word' id='word_1_86' title='bbox 763 2901 910 2974; x_wconf 83' lang='lat' dir='ltr'><strong>sperans</strong></span> 
     </span>
     <span class='ocr_line' id='line_1_17' title="bbox 98 2993 910 3094; baseline -0.007 -21"><span class='ocrx_word' id='word_1_87' title='bbox 98 3001 241 3073; x_wconf 76' lang='lat' dir='ltr'><strong>Graecos</strong></span> <span class='ocrx_word' id='word_1_88' title='bbox 253 3021 374 3070; x_wconf 86' lang='lat' dir='ltr'><strong>caussa</strong></span> <span class='ocrx_word' id='word_1_89' title='bbox 389 2994 668 3094; x_wconf 86' lang='lat' dir='ltr'><strong>recuperationis</strong></span> <span class='ocrx_word' id='word_1_90' title='bbox 682 2993 834 3068; x_wconf 73' lang='lat' dir='ltr'><strong>Helenae</strong></span> <span class='ocrx_word' id='word_1_91' title='bbox 852 3020 910 3067; x_wconf 90' lang='lat' dir='ltr'><strong>so·-</strong></span> 
     </span>
    </p>
   </div>
   <div class='ocr_carea' id='block_1_6' title="bbox 97 3112 1019 3212">
    <p class='ocr_par' dir='ltr' id='par_1_6' title="bbox 97 3112 1019 3212">
     <span class='ocr_line' id='line_1_18' title="bbox 97 3112 1019 3212; baseline 0.001 -24"><span class='ocrx_word' id='word_1_92' title='bbox 97 3141 219 3189; x_wconf 88' lang='lat' dir='ltr'><strong>rorem</strong></span> <span class='ocrx_word' id='word_1_93' title='bbox 241 3112 442 3187; x_wconf 89' lang='lat' dir='ltr'><strong>Hesionam</strong></span> <span class='ocrx_word' id='word_1_94' title='bbox 466 3113 688 3206; x_wconf 82' lang='lat' dir='ltr'><strong>reddituros,</strong></span> <span class='ocrx_word' id='word_1_95' title='bbox 708 3127 744 3186; x_wconf 89' lang='lat' dir='ltr'><strong>et</strong></span> <span class='ocrx_word' id='word_1_96' title='bbox 766 3139 908 3212; x_wconf 83' lang='lat' dir='ltr'><strong>eaquae</strong></span> <span class='ocrx_word' id='word_1_97' title='bbox 1006 3186 1019 3199; x_wconf 82' lang='lat'>,</span> 
     </span>
    </p>
   </div>
   <div class='ocr_carea' id='block_1_7' title="bbox 94 3228 912 3573">
    <p class='ocr_par' dir='ltr' id='par_1_7' title="bbox 94 3228 912 3573">
     <span class='ocr_line' id='line_1_19' title="bbox 103 3228 909 3332; baseline -0.002 -26"><span class='ocrx_word' id='word_1_98' title='bbox 103 3233 238 3307; x_wconf 79' lang='lat' dir='ltr'><strong>iudea</strong></span> <span class='ocrx_word' id='word_1_99' title='bbox 268 3232 441 3332; x_wconf 83' lang='lat' dir='ltr'><strong>Trojanis·</strong></span> <span class='ocrx_word' id='word_1_100' title='bbox 469 3231 696 3306; x_wconf 86' lang='lat' dir='ltr'><strong>abstulerant.</strong></span> <span class='ocrx_word' id='word_1_101' title='bbox 729 3228 909 3305; x_wconf 88' lang='lat' dir='ltr'><strong>Helenam</strong></span> 
     </span>
     <span class='ocr_line' id='line_1_20' title="bbox 97 3347 910 3441; baseline -0.005 -17"><span class='ocrx_word' id='word_1_102' title='bbox 97 3365 262 3427; x_wconf 84' lang='lat' dir='ltr'><strong>moestam</strong></span> <span class='ocrx_word' id='word_1_103' title='bbox 284 3348 487 3424; x_wconf 88' lang='lat' dir='ltr'><strong>consolatus</strong></span> <span class='ocrx_word' id='word_1_104' title='bbox 508 3364 581 3441; x_wconf 88' lang='lat' dir='ltr'><strong>est,</strong></span> <span class='ocrx_word' id='word_1_105' title='bbox 599 3364 633 3421; x_wconf 87' lang='lat' dir='ltr'><strong>et</strong></span> <span class='ocrx_word' id='word_1_106' title='bbox 652 3374 733 3421; x_wconf 89' lang='lat' dir='ltr'><strong>eam</strong></span> <span class='ocrx_word' id='word_1_107' title='bbox 755 3347 910 3421; x_wconf 86' lang='lat' dir='ltr'><strong>Alexan·</strong></span> 
     </span>
     <span class='ocr_line' id='line_1_21' title="bbox 94 3465 912 3573; baseline -0.004 -32"><span class='ocrx_word' id='word_1_108' title='bbox 94 3467 162 3573; x_wconf 35' lang='lat' dir='ltr'><strong>⁸dro</strong></span> <span class='ocrx_word' id='word_1_109' title='bbox 186 3467 382 3568; x_wconf 72' lang='lat' dir='ltr'><strong>conjugem</strong></span> <span class='ocrx_word' id='word_1_110' title='bbox 405 3466 507 3547; x_wconf 89' lang='lat' dir='ltr'><strong>dedit</strong></span> <span class='ocrx_word' id='word_1_111' title='bbox 533 3499 541 3538; x_wconf 93' lang='lat'>:</span> <span class='ocrx_word' id='word_1_112' title='bbox 567 3493 676 3568; x_wconf 87' lang='lat' dir='ltr'><strong>quam</strong></span> <span class='ocrx_word' id='word_1_113' title='bbox 708 3481 747 3540; x_wconf 86' lang='lat' dir='ltr'><strong>ut</strong></span> <span class='ocrx_word' id='word_1_114' title='bbox 774 3465 912 3566; x_wconf 80' lang='lat' dir='ltr'><strong>aspexit</strong></span> 
     </span>
    </p>
   </div>
   <div class='ocr_carea' id='block_1_8' title="bbox 0 0 1104 4132">
    <p class='ocr_par' dir='ltr' id='par_1_8' title="bbox 0 0 1104 4132">
     <span class='ocr_line' id='line_1_22' title="bbox 0 0 1104 4132; baseline 0 0"><span class='ocrx_word' id='word_1_115' title='bbox 0 0 1104 4132; x_wconf 95' lang='lat' dir='ltr'><strong> </strong></span> 
     </span>
    </p>
   </div>
  </div>
 </body>
</html>
