2160 4132
204 380 253 471 42
395 400 571 450 cunnus
598 402 651 449 nn
677 400 828 451 raom.
934 359 938 365 ⁸

206 537 315 612 quem
333 527 415 609 post
435 511 629 588 Alexandri
651 514 837 588 interitum
862 511 1018 588 Helenae

196 627 479 704 matrimonium
495 631 745 732 intercepisse,
762 658 870 733 supra
888 630 1017 706 docui-

90 795 96 806 ·
206 771 306 840 mus,
320 749 469 825 exsectis
480 750 602 850 primo
615 751 779 846 auribus,
793 749 1018 850 brachiisque

206 863 353 962 ablatis,
380 867 508 950 deinde
532 868 696 960 naribus,
722 871 768 943 ad
790 860 1019 967 postremum

204 996 410 1059 truncatum
427 981 531 1056 omrai
559 1009 602 1056 ex
621 997 743 1080 parta,
767 982 1020 1084 foedatumque

134 1105 136 1109 ’
204 1119 351 1173 summo
379 1095 540 1172 cruciatu
568 1111 682 1179 necat.
713 1095 806 1171 Dein
829 1097 1020 1179 Priamum

204 1213 469 1314 Neoptolemus
481 1214 643 1295 aineullo
656 1213 769 1298 aetatis
781 1229 888 1315 atque
901 1215 1023 1287 hono-

204 1330 254 1406 ris
266 1331 398 1408 dilectu
405 1333 621 1417 retinentem
634 1348 785 1434 utraque
794 1359 907 1415 manu
915 1348 1020 1407 arana

205 1448 356 1551 jugulat.
368 1453 550 1541 Caeterum
564 1451 800 1526 Cassandram
813 1449 909 1549 Aiax
918 1447 1020 1528 Oilei

204 1589 228 1644 ο
241 1591 342 1648 atem
354 1567 530 1663 dijuncta
541 1568 719 1671 captivam
731 1565 915 1645 abstrahit.

433 2439 626 2510 CAPUT
659 2441 788 2510 XIII.

256 2616 345 2692 Hoc
353 2609 780 2710 modoconsumptiscum
788 2609 1021 2687 civitateBar·

208 2733 321 2828 barls,
345 2729 553 2808 deliberatio
579 2728 666 2804 inita
686 2757 795 2830 super
814 2730 868 2804 his
884 2730 947 2832 qui
973 2729 1020 2804 ab

207 2856 360 2931 deorum
369 2851 438 2925 aris
447 2848 618 2923 auxilium
627 2848 708 2926 vitae
720 2847 1019 2948 imploraveranta

207 2973 466 3069 decretumque
492 2966 539 3040 ab
565 2965 750 3060 omnibus,
776 2965 831 3039 uti
853 2992 920 3066 per
944 2964 1020 3041 vim

207 3088 319 3169 avulsi
336 3099 550 3162 necarentur
573 3117 581 3159 ι
603 3100 722 3160 tantus
739 3083 845 3159 dolor
857 3084 1021 3184 injuriat,

207 3225 244 3286 et
268 3207 317 3281 ob
342 3204 380 3279 id
410 3203 577 3295 studium
594 3202 843 3306 exstinguendi
872 3200 1024 3302 Trojani

207 3323 364 3402 nominis
386 3322 588 3398 incesserat.
606 3327 662 3399 Ita
684 3318 936 3422 comprehensi
958 3319 1023 3421 qui

205 3443 403 3525 cruciatum
428 3441 611 3544 praedictae
645 3441 761 3519 noctis
795 3441 1029 3542 subterfuge·
