2160 4132
201 352 251 451 46
380 356 559 428 cocunt
587 383 643 430 ur:
669 380 825 433 ruore.

200 492 400 594 contigerat
411 493 588 592 praedam,
597 513 658 570 aut
671 525 716 573 ex
724 497 870 600 captivis
879 554 892 593 ‚
900 523 1014 599 quan·

200 623 279 682 tum
296 634 365 710 pro
380 609 512 686 merito
526 610 821 723 distribuebatur,
840 615 1011 692 habuere.

434 922 628 997 CAPUT
658 932 776 998 XIV.

236 1085 520 1176 lnrrnrnsuper
528 1077 682 1151 Palladio
691 1079 1015 1181 ingenscertamen

196 1199 291 1272 inter
302 1221 339 1270 se
352 1193 502 1270 ducibus
515 1210 699 1290 exortum,
714 1195 826 1296 Ajace
842 1195 1015 1271 Telamo-

193 1312 1014 1415 nisexpo'stulanteinmunuesibi‚pmhisquae

195 1433 235 1508 in
254 1433 411 1536 singulos
423 1433 679 1534 universosque
687 1433 818 1508 virtute
836 1431 1011 1533 atquein-

197 1551 332 1629 dustria
348 1579 410 1626 sua
428 1550 638 1627 contulerat.
652 1551 775 1650 Quare
787 1549 900 1625 coacti
912 1576 1010 1648 pene

196 1668 454 1761 omnes,simtd
463 1666 1008 1742 utinclaedereturanimustunti

197 1787 283 1880 viri,
306 1787 408 1885 cujus
423 1784 591 1882 praeclara
616 1783 773 1859 facinora
799 1784 1008 1887 vigiliasque

197 1928 266 2003 pro
276 1902 433 1976 exercitu
442 1959 453 1995 ‚
462 1901 500 1973 in
513 1901 634 1974 animo
648 1902 848 1978 retinebant
856 1959 869 1996 ,
879 1922 1008 1977 conce·

196 2023 287 2097 dunt
309 2019 431 2120 Ajaci‚
453 2020 776 2095 contradicentibus
805 2020 888 2097 solis
921 2046 1007 2096 om·

197 2140 300 2214 nium
317 2139 495 2213 Diomede
507 2154 614 2240 atque
626 2139 758 2242 Ulysse
774 2170 782 2210 ε
797 2165 860 2212 sua
871 2139 1007 2240 quippe

170 2283 307 2358 ..opera
322 2258 360 2332 id
373 2257 531 2332 ablatum
546 2290 554 2329 ε
568 2274 690 2333 contra
704 2258 796 2356 Ajax
809 2259 1007 2351 affirmare,

197 2404 273 2453 non
292 2376 413 2451 labore
440 2392 500 2448 aut
523 2376 653 2450 virtute
678 2402 804 2448 eorum
824 2402 902 2449 rem
926 2400 1008 2477 ges·

196 2507 273 2564 tam
301 2521 309 2562 ε
340 2495 565 2562 Antenorem
597 2519 753 2593 namque
781 2490 1011 2591 contempla·

193 2608 295 2683 'tione
304 2606 896 2704 communisamicitiae,abstulisse.
904 2613 1007 2686 Tum

197 2725 392 2802 Diomedes
416 2724 546 2798 honori
569 2727 644 2826 ejus
665 2755 730 2828 per
753 2726 1006 2829 verecundiam

197 2845 416 2938 concedens,
444 2873 464 2917 a
495 2847 690 2923 certamine
715 2846 858 2922 destitit.
891 2845 1008 2948 Igitur

197 2966 345 3066 Ulysses
359 2990 443 3039 cum
457 2963 569 3062 Ajace
586 2991 727 3039 summa
740 2965 775 3039 vi
788 2964 1006 3039 contendere
1066 2954 1073 2962 ⁵

195 3082 358 3174 interce,
375 3097 482 3183 etque
503 3081 657 3158 invicem
674 3082 855 3157 industriae
868 3079 1007 3157 meritis

194 3198 441 3294 expostulare,
455 3198 694 3274 adnitentibus
703 3202 752 3278 Ul
753 3201 825 3304 yssi
838 3199 1007 3276 Menelao

196 3331 303 3415 atque
319 3317 613 3416 Agamemnone,
632 3320 679 3393 ob
693 3335 868 3397 servatam
883 3316 1007 3417 paullo

194 3447 278 3515 aute
299 3457 408 3546 opera
424 3429 501 3533 e'jus
521 3436 713 3515 Helenam.
734 3441 906 3540 Namque
922 3450 1007 3536 post
