2160 4132
222 273 428 323 sunaus
456 274 512 319 ou
538 270 692 325 Tuom
803 243 867 316 261

256 446 459 514 CAPUT
496 445 734 513 XXXV.·'

117 616 274 687 Damus
295 612 486 689 concilium
508 627 706 688 convocat:
726 612 877 712 Argivos

71 730 283 832 alloquitur,
308 731 424 830 placet
453 729 621 804 omnibus
647 745 688 802 ut
709 729 796 830 quid
821 728 879 802 fa-

73 849 202 923 ciendo
221 875 312 950 opus
325 848 392 943 sit,
410 847 460 923 dii
473 847 710 922 consulantur.
733 846 882 927 Mittunt

75 966 245 1040 continuo
259 966 321 1066 qui
335 963 520 1041 consulere
536 962 688 1036 debeant
705 993 713 1038 ι
734 961 798 1063 qui
810 985 894 1035 res··

75 1064 230 1180 ponsuru
239 1080 430 1181 accipiunt,
438 1107 504 1181 per
517 1078 664 1154 Achillis
671 1079 884 1181 progeniem

78 1201 188 1274 linem
204 1199 341 1299 negot-ii
353 1198 443 1270 fieri.
459 1200 584 1296 Quum
598 1187 810 1270 haec'nuncii
825 1223 886 1271 re-

21 1369 27 1381 ,
78 1315 259 1406 tulissent,
281 1314 376 1412 Ajax
396 1311 445 1384 ait
465 1338 474 1381 t
497 1313 622 1409 Quum
647 1310 774 1383 Achilli
794 1310 887 1394 lilius

80 1428 344 1526 Neoptolemus
356 1426 527 1524 supersit,
546 1450 631 1498 eum
652 1440 818 1522 oportere
831 1412 890 1499 acss
956 1461 958 1469 s

82 1543 204 1622 cersiri
228 1544 273 1618 ad
304 1541 522 1636 exercitum,
548 1562 589 1615 ut
616 1556 757 1640 patrem
784 1567 890 1643 suum

83 1663 297 1740 ulciscatur:
318 1660 536 1761 tandemque
556 1658 672 1758 placet
694 1661 891 1761 Agamem·

84 1779 170 1853 noui
191 1793 227 1852 et
245 1776 416 1853 omnibus
430 1776 631 1852 consilium.
648 1779 763 1850 Datur
781 1762 895 1878 nego·¹

85 1896 175 1968 tium
193 1893 384 1968 Menelao:
409 1891 467 1966 hic
483 1896 637 1993 Scyrum
656 1891 893 1990 proficiscitur

87 2012 133 2082 ad
146 2008 395 2108 Lycomedem
419 2033 526 2080 avum
551 2008 658 2104 ejus:
680 2007 834 2103 imperat
854 2022 895 2080 ut

88 2137 259 2220 nepotem
277 2147 381 2194 suum
404 2118 533 2191 mittat.
550 2121 659 2220 Quod
673 2121 897 2222 Lycomedes

90 2237 232 2341 Argivis
255 2237 406 2312 libenter
425 2235 607 2311 concessit.
629 2239 824 2337 Postquam
842 2236 897 2313 in-

89 2352 203 2428 duciae
225 2354 408 2448 exierunt,
428 2356 683 2454 Agamemnon
699 2354 894 2431 exercitum

90 2470 230 2565 eduxit,
254 2470 415 2564 instruit,
445 2472 618 2544 hortatur.
647 2473 783 2546 Contra
807 2474 897 2546 Tro·

90 2587 164 2687 jani
184 2590 362 2684 prodeunt
378 2618 386 2657 :
401 2587 568 2682 proelium
587 2588 837 2661 committitur.
854 2594 897 2660 ln

91 2703 209 2802 prima
228 2701 302 2776 acie
320 2701 414 2796 Ajax
427 2715 604 2791 versatur,
623 2701 780 2773 clamore
800 2727 899 2801 mag·

93 2845 142 2892 uo
158 2831 252 2890 orto.
274 2815 381 2890 Multi
405 2842 447 2888 ex
460 2830 611 2914 utraque
633 2829 734 2912 parte
753 2817 895 2889 cadunt.

95 2935 296 3010 Alexander
318 2959 441 3007 arcum
471 2947 614 3026 tenens,
637 2933 768 3007 multos
795 2933 900 3013 inter·

95 3051 188 3143 licit,
203 3049 321 3149 Ajacis
340 3049 432 3122 latus
448 3051 585 3122 nudum
607 3049 695 3150 tigit.
717 3050 808 3149 Ajax
823 3076 899 3128 sau·

94 3169 168 3246 cius
180 3193 246 3267 per
256 3168 374 3240 hostes
391 3165 556 3266 persequi
577 3166 818 3240 Alexandrum
833 3193 899 3247 cce-

95 3286 148 3385 pit
170 3311 259 3362 :nec
280 3282 432 3383 destitit,
451 3281 517 3358 nisi
533 3298 783 3384 prosterneret.
808 3286 901 3384 Ajat
