2160 4132
252 403 402 451 nrvrtrr
441 384 767 482 eruourirrtu.v
850 379 899 485 45
1027 424 1039 433 .

83 527 186 607 rant,
200 513 417 612 trepidantes
430 542 473 589 ac
488 503 573 590 vice
582 543 756 613 pecorum
767 505 907 589 interfi-

86 629 240 705 ciuntur.
261 630 356 705 Dein
378 657 482 706 more
504 631 609 725 belli,
631 646 696 729 per
713 631 847 731 templa
864 654 907 707 ac

87 748 274 822 semiustas
295 748 451 842 domos,
474 748 660 847 populatio
678 773 799 825 rerum
817 776 903 823 om-

88 865 214 960 nium,
230 882 266 939 et
278 893 345 963 per
362 866 437 942 dies
451 854 653 967 plurimos,
668 893 714 940 ne
730 867 808 966 quis
820 868 908 941 hos-

89 981 183 1054 tiurn
201 983 389 1076 evaderet,
414 981 577 1056 studium
600 981 818 1083 inquirendi.
842 987 907 1056 ln.

27 1120 29 1124 “
93 1098 197 1173 terim
206 1099 249 1172 ad
257 1101 543 1176 coacervandum
558 1099 637 1172 auri
650 1115 758 1201 atque
767 1100 908 1202 qrgenti

90 1212 278 1288 materiem
297 1229 505 1312 opportuna
521 1213 599 1289 loca
614 1214 858 1309 destinantur,
873 1229 911 1290 et
1012 1224 1015 1229 '

92 1330 159 1404 alia
181 1333 229 1406 oh
244 1332 446 1430 preciosam
467 1349 618 1409 vestem.
635 1333 750 1434 Igitur
768 1332 831 1405 uhi
850 1359 908 1406 sa-

93 1447 160 1524 tias
173 1449 325 1546 Troiani
349 1449 531 1547 sang‘uinis
548 1449 684 1551 tenuit,
703 1465 739 1523 et
750 1451 837 1522 urbs
850 1449 909 1523 in-

95 1563 231 1639 cendiis
244 1561 468 1662 complanata
485 1578 556 1656 est,
569 1561 713 1635 initium
733 1564 907 1639 solvenda·

18 1666 22 1674 ¹
93 1681 332 1779 perpraedam
347 1678 481 1753 militiae
490 1679 652 1778 capiunt,
662 1679 781 1778 primo
795 1707 816 1752 a
829 1706 908 1779 cap·

96 1798 176 1874 aivis
186 1796 554 1899 feminis,puerisque
566 1799 683 1874 adhuc
692 1797 907 1899 imbellibus.

97 1920 221 2016 Itaque
258 1947 302 1992 ex
335 1917 389 1992 his
418 1918 537 2017 prima
570 1917 737 1992 omnium
768 1915 912 1991 Helena

98 2032 173 2107 sine
190 2051 285 2109 sorte
310 2033 475 2108 Menelao
493 2033 725 2139 conceditur:
742 2034 825 2109 dein
840 2036 915 2107 Po-

96 2149 226 2252 lyxena
242 2153 413 2224 suadente
433 2150 585 2247 Ulysse‚
610 2177 677 2246 per
701 2151 909 2248 Neoptolee'

98 2295 205 2340 mum
230 2265 360 2341 Achilli
384 2264 529 2338 inferias
556 2263 688 2353 missa:
709 2269 937 2365 Agamem-¹

98 2383 188 2460 noni
212 2384 407 2459 Cassandra
428 2383 552 2476 datur,
572 2389 766 2482 postquam
793 2382 913 2456 format

100 2502 177 2601 ejus
198 2518 340 2603 eaptus,
365 2502 453 2605 quin
475 2500 595 2599 palam
616 2499 835 2575 desiderium
858 2498 916 2574 fa-

101 2636 256 2717 teretur,
275 2622 496 2698 dissimulare
517 2620 747 2721 nequiverat3
771 2621 916 2694 AEtram

100 2755 137 2814 et
152 2741 386 2840 Clymenam,
405 2741 656 2834 Demophoon
676 2752 784 2834 atque
802 2737 917 2809 Atha·-

102 2879 182 2927 mas
192 2855 349 2926 habuere
364 2883 373 2921 t
388 2851 610 2947 reliquarum
623 2873 699 2918 sors
711 2849 770 2944 agi
780 2862 913 2942 coepta,

104 2986 213 3070 atque
232 2967 281 3040 ita
299 2962 543 3062 Neoptolemo
563 2959 818 3052 Andromacha
834 2962 919 3062 (ad-

103 3087 234 3191 junctis
247 3099 438 3186 postquam
454 3080 493 3156 id
513 3091 681 3158 evenerat
694 3074 772 3150 filiis
786 3076 869 3178 ejus
878 3081 916 3179 in

106 3209 280 3282 honorem
290 3202 378 3277 tanti
391 3200 513 3300 ducis)
528 3256 539 3293 ,
553 3193 677 3299 Ulyssi
683 3195 834 3270 Hecuba
847 3197 918 3273 oh·

108 3351 249 3401 venere.
278 3325 466 3396 Hactenus
486 3313 663 3391 nobilium
686 3311 917 3390 foeminarum

115 3466 249 3531 ¹cessere
273 3436 425 3518 servitia.
452 3433 546 3529 Alii,
570 3447 613 3509 ut
636 3455 819 3532 quemque
841 3457 918 3511 sors
