2160 4132
209 366 278 457 174
385 389 563 436 coenan
592 391 644 435 nr
672 390 834 440 reoli.

205 495 323 570 xisset.
341 498 486 573 Troilus
503 498 674 574 minimus
690 519 798 599 nato,
814 532 891 580 non
904 511 1033 588 minus

205 615 308 687 fortis
322 642 433 715 quam
453 604 615 713 Hector,
637 608 773 696 belluni
790 626 869 727 geri
891 633 1027 706 suade-

149 772 153 778 ·
203 731 337 841 §tanet
349 736 564 813 non-dehere
577 739 814 816 terrerimetu
824 739 1026 826 verborum

204 846 340 959 Heleni
351 908 364 946 ,
387 857 485 956 quod
506 857 675 932 omnibus
697 859 850 958 placuit,
871 863 1024 945 classem

204 964 410 1072 ,comparari
417 1030 431 1069 ,
446 990 481 1050 et
495 974 533 1051 in
547 975 723 1053 Graeciam
738 981 931 1080 proficisci.

450 1611 639 1687 otior
669 1613 790 1685 VIII.

214 1888 216 1893 ,
264 1812 438 1902 Parmos
463 1810 711 1884 Alexandrum
735 1826 771 1884 et
794 1810 1030 1912 Deiphobum

214 1929 253 2008 in
276 1926 455 2000 Paeoniam
476 1925 593 2020 misit,
614 1943 656 2001 ut
676 1928 1030 2032 milites.=eligerent:

217 2047 264 2123 ad
301 2046 512 2122 concionem
541 2047 720 2146 populum
753 2047 876 2124 venire
912 2050 1031 2149 jubet.

218 2165 511 2244 Commonefacit
541 2165 657 2261 filios,
691 2184 731 2241 ut
761 2169 917 2268 majores
945 2186 1035 2245 natu

219 2284 422 2363 minoribus
445 2286 678 2383 imperarent.
710 2286 923 2361 Monstravit
944 2313 1033 2387 quas

219 2405 368 2505 injurias
381 2403 495 2479 Graeci
514 2403 681 2504 Trojanis
698 2403 861 2478 fecissent
878 2435 886 2474 :
901 2406 951 2478 ob
963 2407 1036 2481 hoc

219 2525 447 2609 Antenorem
459 2521 618 2623 legatum
632 2521 669 2592 in
684 2521 858 2595 Graeciam
873 2521 1035 2616 misisse,

221 2653 264 2710 ut
276 2637 343 2710 sibi
364 2639 565 2714 Hesionam
584 2665 749 2712 sororem
762 2635 980 2732 redderent,
997 2654 1038 2714 et

220 2757 479 2839 satisfacerent¹
492 2756 671 2857 Trojanis.
699 2759 925 2829 Antenorem
950 2782 1041 2831 con-

222 2875 413 2952 tumeliose
436 2875 553 2951 abeis
583 2887 776 2950 tractatum
800 2905 809 2944 ε
838 2899 906 2948 nec
930 2875 1040 2974 quid-

225 3021 335 3096 quam
352 2995 465 3068 abhis
483 2995 679 3092 impetrare
698 2992 868 3092 potuisse.
892 2992 954 3066 Ob
970 2994 1042 3069 hoc

220 3114 366 3211 ¹placere
378 3114 445 3188 sibi
452 3112 723 3207 ,Alexandrum
732 3109 828 3185 mitti
839 3137 925 3206 cum
934 3109 1042 3209 classe

224 3229 265 3303 -in
278 3234 482 3327 Graeciam,
493 3223 626 3334 quiavi
643 3232 697 3307 sui
713 3247 873 3306 mortem
890 3247 927 3306 et
943 3233 1045 3304 Tro-

225 3346 396 3446 ianorum
423 3350 572 3449 injurias
598 3351 838 3426 ulcisceretur.
869 3349 1043 3420 Anteno-

217 3481 310 3553 rem
323 3465 450 3549 dicere
473 3467 594 3568 justit,
623 3466 812 3569 quomodo
840 3461 886 3540 in'
901 3456 1046 3542 Graecia
