<?xml version="1.0" encoding="UTF-8"?>
<!DOCTYPE html PUBLIC "-//W3C//DTD XHTML 1.0 Transitional//EN"
    "http://www.w3.org/TR/xhtml1/DTD/xhtml1-transitional.dtd">
<html xmlns="http://www.w3.org/1999/xhtml" xml:lang="en" lang="en">
 <head>
  <title>
</title>
<meta http-equiv="Content-Type" content="text/html;charset=utf-8" />
  <meta name='ocr-system' content='tesseract 3.04.00' />
  <meta name='ocr-capabilities' content='ocr_page ocr_carea ocr_par ocr_line ocrx_word'/>
</head>
<body>
  <div class='ocr_page' id='page_1' title='image "./histoiredelague00daregoog_0028.png"; bbox 0 0 2160 4132; ppageno 0'>
   <div class='ocr_carea' id='block_1_1' title="bbox 110 378 793 474">
    <p class='ocr_par' dir='ltr' id='par_1_1' title="bbox 110 378 793 474">
     <span class='ocr_line' id='line_1_1' title="bbox 110 378 793 474; baseline 0.009 -6"><span class='ocrx_word' id='word_1_1' title='bbox 110 409 113 413; x_wconf 86' lang='grc'><strong>’</strong></span> <span class='ocrx_word' id='word_1_2' title='bbox 141 400 184 471; x_wconf 80' lang='lat' dir='ltr'><strong>rs</strong></span> <span class='ocrx_word' id='word_1_3' title='bbox 318 378 494 473; x_wconf 72' lang='lat' dir='ltr'><strong>ornans</strong></span> <span class='ocrx_word' id='word_1_4' title='bbox 522 425 573 470; x_wconf 81' lang='lat' dir='ltr'><strong>nr</strong></span> <span class='ocrx_word' id='word_1_5' title='bbox 601 423 752 474; x_wconf 72' lang='lat' dir='ltr'><strong>ruore.</strong></span> <span class='ocrx_word' id='word_1_6' title='bbox 789 426 793 433; x_wconf 91' lang='lat'>·</span> 
     </span>
    </p>
   </div>
   <div class='ocr_carea' id='block_1_2' title="bbox 103 533 948 1560">
    <p class='ocr_par' dir='ltr' id='par_1_2' title="bbox 103 533 948 1560">
     <span class='ocr_line' id='line_1_2' title="bbox 136 533 942 634; baseline 0.007 -25"><span class='ocrx_word' id='word_1_7' title='bbox 136 533 199 609; x_wconf 80' lang='lat' dir='ltr'><strong>tris</strong></span> <span class='ocrx_word' id='word_1_8' title='bbox 224 533 277 606; x_wconf 89' lang='lat' dir='ltr'><strong>uti</strong></span> <span class='ocrx_word' id='word_1_9' title='bbox 301 559 429 619; x_wconf 68' lang='lat' dir='ltr'><strong>secum,</strong></span> <span class='ocrx_word' id='word_1_10' title='bbox 446 535 491 609; x_wconf 90' lang='lat' dir='ltr'><strong>ad</strong></span> <span class='ocrx_word' id='word_1_11' title='bbox 516 564 558 611; x_wconf 87' lang='lat' dir='ltr'><strong>ea</strong></span> <span class='ocrx_word' id='word_1_12' title='bbox 584 539 705 614; x_wconf 82' lang='lat' dir='ltr'><strong>omnia</strong></span> <span class='ocrx_word' id='word_1_13' title='bbox 727 539 942 634; x_wconf 81' lang='lat' dir='ltr'><strong>eniteretur,</strong></span> 
     </span>
     <span class='ocr_line' id='line_1_3' title="bbox 135 648 941 757; baseline 0.011 -35"><span class='ocrx_word' id='word_1_14' title='bbox 135 648 314 757; x_wconf 73' lang='lat' dir='ltr'><strong>iacturum</strong></span> <span class='ocrx_word' id='word_1_15' title='bbox 332 677 370 726; x_wconf 92' lang='lat' dir='ltr'><strong>se</strong></span> <span class='ocrx_word' id='word_1_16' title='bbox 387 680 465 754; x_wconf 84' lang='lat' dir='ltr'><strong>quau</strong></span> <span class='ocrx_word' id='word_1_17' title='bbox 478 672 649 755; x_wconf 90' lang='lat' dir='ltr'><strong>cuperent</strong></span> <span class='ocrx_word' id='word_1_18' title='bbox 662 657 857 756; x_wconf 89' lang='lat' dir='ltr'><strong>respondit.</strong></span> <span class='ocrx_word' id='word_1_19' title='bbox 873 660 941 733; x_wconf 78' lang='lat' dir='ltr'><strong>At·</strong></span> 
     </span>
     <span class='ocr_line' id='line_1_4' title="bbox 135 765 943 872; baseline 0.006 -31"><span class='ocrx_word' id='word_1_20' title='bbox 135 790 207 868; x_wconf 80' lang='lat' dir='ltr'><strong>que</strong></span> <span class='ocrx_word' id='word_1_21' title='bbox 229 765 284 843; x_wconf 87' lang='lat' dir='ltr'><strong>his</strong></span> <span class='ocrx_word' id='word_1_22' title='bbox 304 770 483 870; x_wconf 71' lang='lat' dir='ltr'><strong>praedicit,</strong></span> <span class='ocrx_word' id='word_1_23' title='bbox 504 774 647 872; x_wconf 85' lang='lat' dir='ltr'><strong>publice</strong></span> <span class='ocrx_word' id='word_1_24' title='bbox 671 801 708 851; x_wconf 92' lang='lat' dir='ltr'><strong>se</strong></span> <span class='ocrx_word' id='word_1_25' title='bbox 732 774 770 850; x_wconf 91' lang='lat' dir='ltr'><strong>in</strong></span> <span class='ocrx_word' id='word_1_26' title='bbox 794 774 943 850; x_wconf 90' lang='lat' dir='ltr'><strong>consilio</strong></span> 
     </span>
     <span class='ocr_line' id='line_1_5' title="bbox 136 887 942 990; baseline 0.006 -33"><span class='ocrx_word' id='word_1_27' title='bbox 136 910 244 984; x_wconf 85' lang='lat' dir='ltr'><strong>super</strong></span> <span class='ocrx_word' id='word_1_28' title='bbox 273 887 441 990; x_wconf 76' lang='lat' dir='ltr'><strong>qualitate</strong></span> <span class='ocrx_word' id='word_1_29' title='bbox 470 913 598 960; x_wconf 89' lang='lat' dir='ltr'><strong>eorum</strong></span> <span class='ocrx_word' id='word_1_30' title='bbox 624 914 707 985; x_wconf 82' lang='lat' dir='ltr'><strong>quae</strong></span> <span class='ocrx_word' id='word_1_31' title='bbox 731 890 942 986; x_wconf 80' lang='lat' dir='ltr'><strong>postulaturi</strong></span> 
     </span>
     <span class='ocr_line' id='line_1_6' title="bbox 124 1000 943 1100; baseline -0.002 -21"><span class='ocrx_word' id='word_1_32' title='bbox 124 1021 274 1100; x_wconf 75' lang='lat' dir='ltr'><strong>esseut,</strong></span> <span class='ocrx_word' id='word_1_33' title='bbox 301 1002 455 1081; x_wconf 79' lang='lat' dir='ltr'><strong>exertius</strong></span> <span class='ocrx_word' id='word_1_34' title='bbox 473 1001 724 1094; x_wconf 88' lang='lat' dir='ltr'><strong>disserturum,</strong></span> <span class='ocrx_word' id='word_1_35' title='bbox 750 1000 943 1077; x_wconf 86' lang='lat' dir='ltr'><strong>scilicetne</strong></span> 
     </span>
     <span class='ocr_line' id='line_1_7' title="bbox 137 1115 940 1220; baseline -0.009 -27"><span class='ocrx_word' id='word_1_36' title='bbox 137 1146 209 1220; x_wconf 87' lang='lat' dir='ltr'><strong>qna</strong></span> <span class='ocrx_word' id='word_1_37' title='bbox 226 1118 381 1215; x_wconf 90' lang='lat' dir='ltr'><strong>suspicio</strong></span> <span class='ocrx_word' id='word_1_38' title='bbox 397 1115 451 1188; x_wconf 90' lang='lat' dir='ltr'><strong>sui</strong></span> <span class='ocrx_word' id='word_1_39' title='bbox 469 1117 565 1214; x_wconf 89' lang='lat' dir='ltr'><strong>apud</strong></span> <span class='ocrx_word' id='word_1_40' title='bbox 586 1115 762 1189; x_wconf 79' lang='lat' dir='ltr'><strong>Barbaros</strong></span> <span class='ocrx_word' id='word_1_41' title='bbox 775 1115 940 1188; x_wconf 86' lang='lat' dir='ltr'><strong>oriretur.</strong></span> 
     </span>
     <span class='ocr_line' id='line_1_8' title="bbox 136 1231 946 1333; baseline -0.009 -22"><span class='ocrx_word' id='word_1_42' title='bbox 136 1240 191 1311; x_wconf 83' lang='lat' dir='ltr'><strong>lta</strong></span> <span class='ocrx_word' id='word_1_43' title='bbox 211 1232 413 1331; x_wconf 81' lang='lat' dir='ltr'><strong>composito</strong></span> <span class='ocrx_word' id='word_1_44' title='bbox 433 1231 581 1333; x_wconf 81' lang='lat' dir='ltr'><strong>negotio</strong></span> <span class='ocrx_word' id='word_1_45' title='bbox 591 1287 604 1325; x_wconf 94' lang='lat'><strong>,</strong></span> <span class='ocrx_word' id='word_1_46' title='bbox 630 1259 714 1306; x_wconf 84' lang='lat' dir='ltr'><strong>cum</strong></span> <span class='ocrx_word' id='word_1_47' title='bbox 734 1231 814 1309; x_wconf 90' lang='lat' dir='ltr'><strong>luce</strong></span> <span class='ocrx_word' id='word_1_48' title='bbox 837 1231 946 1305; x_wconf 85' lang='lat' dir='ltr'><strong>simul</strong></span> 
     </span>
     <span class='ocr_line' id='line_1_9' title="bbox 103 1346 948 1450; baseline -0.002 -25"><span class='ocrx_word' id='word_1_49' title='bbox 103 1408 106 1414; x_wconf 87' lang='lat'><em>.</em></span> <span class='ocrx_word' id='word_1_50' title='bbox 136 1351 304 1425; x_wconf 74' lang='lat' dir='ltr'><strong>Antenor</strong></span> <span class='ocrx_word' id='word_1_51' title='bbox 318 1374 361 1424; x_wconf 91' lang='lat' dir='ltr'><strong>ac</strong></span> <span class='ocrx_word' id='word_1_52' title='bbox 374 1347 504 1450; x_wconf 86' lang='lat' dir='ltr'><strong>reliqui</strong></span> <span class='ocrx_word' id='word_1_53' title='bbox 516 1374 681 1448; x_wconf 87' lang='lat' dir='ltr'><strong>proceres</strong></span> <span class='ocrx_word' id='word_1_54' title='bbox 699 1349 744 1421; x_wconf 89' lang='lat' dir='ltr'><strong>ad</strong></span> <span class='ocrx_word' id='word_1_55' title='bbox 759 1346 948 1423; x_wconf 88' lang='lat' dir='ltr'><strong>Priamum</strong></span> 
     </span>
     <span class='ocr_line' id='line_1_10' title="bbox 139 1462 773 1560; baseline -0.016 -17"><span class='ocrx_word' id='word_1_56' title='bbox 139 1463 273 1544; x_wconf 78' lang='lat' dir='ltr'><strong>redunt</strong></span> <span class='ocrx_word' id='word_1_57' title='bbox 279 1494 292 1560; x_wconf 79' lang='lat'><em>3</em></span> <span class='ocrx_word' id='word_1_58' title='bbox 307 1462 421 1541; x_wconf 79' lang='lat' dir='ltr'><strong>nostri</strong></span> <span class='ocrx_word' id='word_1_59' title='bbox 433 1466 480 1542; x_wconf 90' lang='lat' dir='ltr'><strong>ad</strong></span> <span class='ocrx_word' id='word_1_60' title='bbox 491 1491 598 1541; x_wconf 83' lang='lat' dir='ltr'><strong>naves</strong></span> <span class='ocrx_word' id='word_1_61' title='bbox 610 1464 773 1541; x_wconf 84' lang='lat' dir='ltr'><strong>redeunt.</strong></span> 
     </span>
    </p>
   </div>
   <div class='ocr_carea' id='block_1_3' title="bbox 402 1765 692 1839">
    <p class='ocr_par' dir='ltr' id='par_1_3' title="bbox 402 1765 692 1839">
     <span class='ocr_line' id='line_1_11' title="bbox 402 1765 692 1839; baseline -0.024 0"><span class='ocrx_word' id='word_1_62' title='bbox 402 1765 592 1839; x_wconf 79' lang='lat' dir='ltr'>CAPUT</span> <span class='ocrx_word' id='word_1_63' title='bbox 625 1766 692 1836; x_wconf 90' lang='lat' dir='ltr'><strong>VI.</strong></span> 
     </span>
    </p>
   </div>
   <div class='ocr_carea' id='block_1_4' title="bbox 195 1900 955 2040">
    <p class='ocr_par' dir='ltr' id='par_1_4' title="bbox 195 1900 955 2040">
     <span class='ocr_line' id='line_1_12' title="bbox 195 1900 955 2040; baseline -0.007 -25"><span class='ocrx_word' id='word_1_64' title='bbox 195 1900 301 2016; x_wconf 69' lang='lat' dir='ltr'><strong>Dru«</strong></span> <span class='ocrx_word' id='word_1_65' title='bbox 318 1936 382 2013; x_wconf 83' lang='lat' dir='ltr'><strong>uhi</strong></span> <span class='ocrx_word' id='word_1_66' title='bbox 397 1938 490 2040; x_wconf 80' lang='lat' dir='ltr'><strong>jutta</strong></span> <span class='ocrx_word' id='word_1_67' title='bbox 507 1910 627 2036; x_wconf 82' lang='lat' dir='ltr'><strong>pueris</strong></span> <span class='ocrx_word' id='word_1_68' title='bbox 640 1936 733 2010; x_wconf 81' lang='lat' dir='ltr'><strong>facta</strong></span> <span class='ocrx_word' id='word_1_69' title='bbox 752 1952 855 2032; x_wconf 85' lang='lat' dir='ltr'><strong>sunt,</strong></span> <span class='ocrx_word' id='word_1_70' title='bbox 872 1950 955 2037; x_wconf 84' lang='lat' dir='ltr'><strong>post</strong></span> 
     </span>
    </p>
   </div>
   <div class='ocr_carea' id='block_1_5' title="bbox 103 2052 980 3553">
    <p class='ocr_par' dir='ltr' id='par_1_5' title="bbox 103 2052 980 3553">
     <span class='ocr_line' id='line_1_13' title="bbox 150 2052 955 2152; baseline -0.009 -18"><span class='ocrx_word' id='word_1_71' title='bbox 150 2056 248 2134; x_wconf 84' lang='lat' dir='ltr'><strong>diem</strong></span> <span class='ocrx_word' id='word_1_72' title='bbox 278 2054 426 2131; x_wconf 87' lang='lat' dir='ltr'><strong>tertium</strong></span> <span class='ocrx_word' id='word_1_73' title='bbox 454 2055 567 2129; x_wconf 86' lang='lat' dir='ltr'><strong>Idaeus</strong></span> <span class='ocrx_word' id='word_1_74' title='bbox 596 2052 817 2152; x_wconf 89' lang='lat' dir='ltr'><strong>supradictos</strong></span> <span class='ocrx_word' id='word_1_75' title='bbox 847 2054 955 2129; x_wconf 86' lang='lat' dir='ltr'><strong>duces</strong></span> 
     </span>
     <span class='ocr_line' id='line_1_14' title="bbox 151 2168 957 2272; baseline -0.006 -23"><span class='ocrx_word' id='word_1_76' title='bbox 151 2173 304 2250; x_wconf 86' lang='lat' dir='ltr'><strong>accitum</strong></span> <span class='ocrx_word' id='word_1_77' title='bbox 318 2168 957 2272; x_wconf 78' lang='lat' dir='ltr'><strong>venit2queispraesentibusLampus,</strong></span> 
     </span>
     <span class='ocr_line' id='line_1_15' title="bbox 152 2282 959 2390; baseline -0.01 -23"><span class='ocrx_word' id='word_1_78' title='bbox 152 2289 339 2390; x_wconf 80' lang='lat' dir='ltr'><strong>caeterique</strong></span> <span class='ocrx_word' id='word_1_79' title='bbox 354 2314 511 2389; x_wconf 89' lang='lat' dir='ltr'><strong>quorum</strong></span> <span class='ocrx_word' id='word_1_80' title='bbox 529 2282 716 2362; x_wconf 88' lang='lat' dir='ltr'><strong>consilium</strong></span> <span class='ocrx_word' id='word_1_81' title='bbox 729 2286 959 2384; x_wconf 74' lang='lat' dir='ltr'><strong>praevalebat,</strong></span> 
     </span>
     <span class='ocr_line' id='line_1_16' title="bbox 153 2406 962 2504; baseline -0.012 -22"><span class='ocrx_word' id='word_1_82' title='bbox 153 2406 268 2483; x_wconf 81' lang='lat' dir='ltr'><strong>mtrlta</strong></span> <span class='ocrx_word' id='word_1_83' title='bbox 281 2406 470 2495; x_wconf 85' lang='lat' dir='ltr'><strong>disserere,</strong></span> <span class='ocrx_word' id='word_1_84' title='bbox 484 2419 591 2504; x_wconf 88' lang='lat' dir='ltr'><strong>atque</strong></span> <span class='ocrx_word' id='word_1_85' title='bbox 603 2406 732 2478; x_wconf 88' lang='lat' dir='ltr'><strong>docere</strong></span> <span class='ocrx_word' id='word_1_86' title='bbox 744 2430 785 2475; x_wconf 88' lang='lat' dir='ltr'><strong>ea</strong></span> <span class='ocrx_word' id='word_1_87' title='bbox 799 2427 880 2501; x_wconf 81' lang='lat' dir='ltr'><strong>quae</strong></span> <span class='ocrx_word' id='word_1_88' title='bbox 893 2429 962 2472; x_wconf 88' lang='lat' dir='ltr'><strong>an·</strong></span> 
     </span>
     <span class='ocr_line' id='line_1_17' title="bbox 155 2516 961 2624; baseline -0.009 -27"><span class='ocrx_word' id='word_1_89' title='bbox 155 2539 213 2597; x_wconf 82' lang='lat' dir='ltr'><strong>tea</strong></span> <span class='ocrx_word' id='word_1_90' title='bbox 226 2537 323 2624; x_wconf 84' lang='lat' dir='ltr'><strong>gesta</strong></span> <span class='ocrx_word' id='word_1_91' title='bbox 334 2535 448 2595; x_wconf 89' lang='lat' dir='ltr'><strong>essent</strong></span> <span class='ocrx_word' id='word_1_92' title='bbox 461 2535 597 2594; x_wconf 87' lang='lat' dir='ltr'><strong>temere</strong></span> <span class='ocrx_word' id='word_1_93' title='bbox 610 2536 645 2594; x_wconf 91' lang='lat' dir='ltr'><strong>et</strong></span> <span class='ocrx_word' id='word_1_94' title='bbox 657 2516 873 2608; x_wconf 87' lang='lat' dir='ltr'><strong>inconsulte,</strong></span> <span class='ocrx_word' id='word_1_95' title='bbox 886 2541 961 2590; x_wconf 90' lang='lat' dir='ltr'><strong>non</strong></span> 
     </span>
     <span class='ocr_line' id='line_1_18' title="bbox 103 2630 962 2740; baseline -0.008 -26"><span class='ocrx_word' id='word_1_96' title='bbox 103 2732 104 2737; x_wconf 6' lang='grc' dir='ltr'><strong>Ἰ</strong></span> <span class='ocrx_word' id='word_1_97' title='bbox 158 2637 433 2740; x_wconf 84' lang='lat' dir='ltr'><strong>perse,quippe</strong></span> <span class='ocrx_word' id='word_1_98' title='bbox 446 2634 719 2738; x_wconf 85' lang='lat' dir='ltr'><strong>quirontempti</strong></span> <span class='ocrx_word' id='word_1_99' title='bbox 734 2630 962 2732; x_wconf 86' lang='lat' dir='ltr'><strong>despectique</strong></span> 
     </span>
     <span class='ocr_line' id='line_1_19' title="bbox 159 2750 968 2859; baseline -0.011 -29"><span class='ocrx_word' id='word_1_100' title='bbox 159 2780 181 2830; x_wconf 84' lang='lat' dir='ltr'><strong>a</strong></span> <span class='ocrx_word' id='word_1_101' title='bbox 203 2754 353 2859; x_wconf 82' lang='lat' dir='ltr'><strong>regulis,</strong></span> <span class='ocrx_word' id='word_1_102' title='bbox 372 2752 520 2829; x_wconf 87' lang='lat' dir='ltr'><strong>arbitrio</strong></span> <span class='ocrx_word' id='word_1_103' title='bbox 541 2753 656 2827; x_wconf 89' lang='lat' dir='ltr'><strong>alieno</strong></span> <span class='ocrx_word' id='word_1_104' title='bbox 680 2764 838 2853; x_wconf 82' lang='lat' dir='ltr'><strong>agerent.</strong></span> <span class='ocrx_word' id='word_1_105' title='bbox 852 2750 968 2841; x_wconf 56' lang='lat' dir='ltr'><strong>Caetef</strong></span> 
     </span>
     <span class='ocr_line' id='line_1_20' title="bbox 159 2866 968 2976; baseline -0.014 -26"><span class='ocrx_word' id='word_1_106' title='bbox 159 2899 242 2949; x_wconf 79' lang='lat' dir='ltr'><strong>rum</strong></span> <span class='ocrx_word' id='word_1_107' title='bbox 269 2873 366 2976; x_wconf 82' lang='lat' dir='ltr'><strong>quod</strong></span> <span class='ocrx_word' id='word_1_108' title='bbox 388 2899 490 2946; x_wconf 88' lang='lat' dir='ltr'><strong>arma</strong></span> <span class='ocrx_word' id='word_1_109' title='bbox 512 2872 680 2946; x_wconf 89' lang='lat' dir='ltr'><strong>adversus</strong></span> <span class='ocrx_word' id='word_1_110' title='bbox 699 2866 842 2942; x_wconf 86' lang='lat' dir='ltr'><strong>Graecos</strong></span> <span class='ocrx_word' id='word_1_111' title='bbox 867 2866 968 2940; x_wconf 86' lang='lat' dir='ltr'><strong>tulis-</strong></span> 
     </span>
     <span class='ocr_line' id='line_1_21' title="bbox 161 2982 969 3087; baseline -0.014 -21"><span class='ocrx_word' id='word_1_112' title='bbox 161 3006 261 3084; x_wconf 83' lang='lat' dir='ltr'><strong>sent,</strong></span> <span class='ocrx_word' id='word_1_113' title='bbox 287 3015 361 3063; x_wconf 90' lang='lat' dir='ltr'><strong>non</strong></span> <span class='ocrx_word' id='word_1_114' title='bbox 390 3001 517 3087; x_wconf 86' lang='lat' dir='ltr'><strong>sponte</strong></span> <span class='ocrx_word' id='word_1_115' title='bbox 543 2984 678 3059; x_wconf 86' lang='lat' dir='ltr'><strong>factum</strong></span> <span class='ocrx_word' id='word_1_116' title='bbox 699 3011 883 3085; x_wconf 86' lang='lat' dir='ltr'><strong>:namque</strong></span> <span class='ocrx_word' id='word_1_117' title='bbox 906 2982 969 3084; x_wconf 85' lang='lat' dir='ltr'><strong>qui</strong></span> 
     </span>
     <span class='ocr_line' id='line_1_22' title="bbox 161 3103 972 3203; baseline -0.011 -21"><span class='ocrx_word' id='word_1_118' title='bbox 161 3107 229 3182; x_wconf 85' lang='lat' dir='ltr'><strong>sub</strong></span> <span class='ocrx_word' id='word_1_119' title='bbox 252 3104 406 3202; x_wconf 87' lang='lat' dir='ltr'><strong>imperio</strong></span> <span class='ocrx_word' id='word_1_120' title='bbox 432 3103 549 3177; x_wconf 78' lang='lat' dir='ltr'><strong>alieno</strong></span> <span class='ocrx_word' id='word_1_121' title='bbox 574 3115 743 3203; x_wconf 84' lang='lat' dir='ltr'><strong>agerent,</strong></span> <span class='ocrx_word' id='word_1_122' title='bbox 769 3117 972 3200; x_wconf 81' lang='lat' dir='ltr'><strong>exspectan·</strong></span> 
     </span>
     <span class='ocr_line' id='line_1_23' title="bbox 165 3216 974 3322; baseline -0.006 -24"><span class='ocrx_word' id='word_1_123' title='bbox 165 3223 254 3298; x_wconf 87' lang='lat' dir='ltr'><strong>dum</strong></span> <span class='ocrx_word' id='word_1_124' title='bbox 266 3219 339 3315; x_wconf 88' lang='lat' dir='ltr'><strong>his,</strong></span> <span class='ocrx_word' id='word_1_125' title='bbox 354 3235 461 3322; x_wconf 82' lang='lat' dir='ltr'><strong>atque</strong></span> <span class='ocrx_word' id='word_1_126' title='bbox 475 3216 741 3320; x_wconf 86' lang='lat' dir='ltr'><strong>exsequendum</strong></span> <span class='ocrx_word' id='word_1_127' title='bbox 755 3245 831 3293; x_wconf 87' lang='lat' dir='ltr'><strong>esse</strong></span> <span class='ocrx_word' id='word_1_128' title='bbox 842 3235 974 3293; x_wconf 90' lang='lat' dir='ltr'><strong>nutum</strong></span> 
     </span>
     <span class='ocr_line' id='line_1_24' title="bbox 168 3337 977 3443; baseline -0.006 -29"><span class='ocrx_word' id='word_1_129' title='bbox 168 3341 246 3443; x_wconf 83' lang='lat' dir='ltr'><strong>ejus</strong></span> <span class='ocrx_word' id='word_1_130' title='bbox 274 3337 338 3440; x_wconf 84' lang='lat' dir='ltr'><strong>qui</strong></span> <span class='ocrx_word' id='word_1_131' title='bbox 363 3351 495 3411; x_wconf 85' lang='lat' dir='ltr'><strong>teneat.</strong></span> <span class='ocrx_word' id='word_1_132' title='bbox 529 3337 589 3410; x_wconf 91' lang='lat' dir='ltr'><strong>Ob</strong></span> <span class='ocrx_word' id='word_1_133' title='bbox 616 3364 695 3437; x_wconf 83' lang='lat' dir='ltr'><strong>quae</strong></span> <span class='ocrx_word' id='word_1_134' title='bbox 721 3337 872 3437; x_wconf 82' lang='lat' dir='ltr'><strong>dignum</strong></span> <span class='ocrx_word' id='word_1_135' title='bbox 900 3362 977 3410; x_wconf 87' lang='lat' dir='ltr'><strong>esse</strong></span> 
     </span>
     <span class='ocr_line' id='line_1_25' title="bbox 148 3450 980 3553; baseline -0.008 -21"><span class='ocrx_word' id='word_1_136' title='bbox 148 3456 311 3532; x_wconf 55' lang='lat' dir='ltr'><strong>urm</strong></span> <span class='ocrx_word' id='word_1_137' title='bbox 320 3453 403 3528; x_wconf 85' lang='lat' dir='ltr'><strong>data</strong></span> <span class='ocrx_word' id='word_1_138' title='bbox 415 3452 518 3530; x_wconf 84' lang='lat' dir='ltr'><strong>venia</strong></span> <span class='ocrx_word' id='word_1_139' title='bbox 531 3451 714 3529; x_wconf 86' lang='lat' dir='ltr'><strong>consulere</strong></span> <span class='ocrx_word' id='word_1_140' title='bbox 730 3450 799 3546; x_wconf 91' lang='lat' dir='ltr'><strong>eis,</strong></span> <span class='ocrx_word' id='word_1_141' title='bbox 813 3450 876 3553; x_wconf 92' lang='lat' dir='ltr'><strong>qui</strong></span> <span class='ocrx_word' id='word_1_142' title='bbox 886 3477 980 3528; x_wconf 88' lang='lat' dir='ltr'><strong>sem·</strong></span> 
     </span>
    </p>
   </div>
   <div class='ocr_carea' id='block_1_6' title="bbox 0 0 1094 4132">
    <p class='ocr_par' dir='ltr' id='par_1_6' title="bbox 0 0 1094 4132">
     <span class='ocr_line' id='line_1_26' title="bbox 0 0 1094 4132; baseline 0 0"><span class='ocrx_word' id='word_1_143' title='bbox 0 0 1094 4132; x_wconf 95' lang='lat' dir='ltr'><strong> </strong></span> 
     </span>
    </p>
   </div>
  </div>
 </body>
</html>
