2160 4132
212 407 230 431 1
260 408 286 430 Ο
343 405 789 431 oooouoeoooooooo
819 411 957 436 ‘0006
991 414 1020 434 Ο

277 610 683 728 CORNELIUS
713 619 943 729 NEPOS
1052 710 1057 722 ,,

206 908 618 1023 sroomsrro
653 909 923 995 CRISPO
969 911 1020 1012 s„

201 1308 345 1453 Qmm
366 1337 480 1412 multa
498 1338 645 1415 Athenis
659 1336 914 1412 studiosissime
928 1365 1017 1442 age-

204 1487 284 1533 rem
308 1455 428 1531 inveni
451 1454 636 1528 historiam
658 1453 797 1529 Daretis
825 1454 977 1557 Phrygii
999 1513 1017 1551 ,

205 1576 315 1676 ipsius
331 1603 442 1648 manu
457 1574 648 1671 scriptam,
664 1588 704 1646 ut
722 1570 841 1645 titulus
859 1570 1013 1668 indicat,

206 1687 1015 1794 quamdeGraecisetTrojanismemoriaeman·

206 1809 312 1883 davit.
333 1811 453 1903 Quam
474 1832 543 1906 ego
557 1831 701 1879 summo
715 1832 840 1881 amore
853 1807 1017 1907 comple-

204 1950 283 2016 xus,
295 1921 464 1996 continuo
479 1921 651 1993 transtuli.
666 1923 736 1996 Cui
750 1922 837 1995 nihil
851 1924 1017 2023 adjicien·

206 2042 295 2115 dum
309 2038 362 2115 vel
375 2038 651 2113 diminuendum
669 2041 890 2117 reformandi
909 2069 1014 2116 causa

205 2157 355 2258 putavi,
376 2155 535 2257 alioquin
553 2183 635 2231 mea
655 2184 730 2232 esse
751 2175 870 2258 posset
890 2159 1014 2235 videri.

206 2275 400 2375 Optimum
411 2300 497 2374 ergo
508 2275 592 2347 duxi
600 2290 666 2368 ,ut
676 2275 1017 2374 vereetsimplieiter
1041 2281 1044 2286 ’

207 2393 424 2491 prescripta,
440 2391 490 2464 sic
507 2418 587 2464 eam
612 2391 820 2467 adverbum
844 2394 880 2466 in
897 2391 1018 2466 latini-

205 2523 318 2581 tatem
329 2522 602 2580 transverterem
612 2525 675 2601 ‚ut
686 2507 840 2611 legentes
860 2535 1019 2610 cognos-

207 2651 288 2700 cere
312 2639 477 2723 possent,
500 2627 685 2725 quomodo
702 2629 755 2700 hae
771 2652 826 2700 res
839 2640 944 2727 gestae
960 2653 1020 2700 es-

209 2759 311 2821 sent:
332 2757 455 2816 utrum
478 2743 593 2846 magis
614 2772 697 2820 vera
716 2770 789 2818 esse
813 2742 1019 2818 existiment

132 2859 135 2864 ’
210 2892 289 2966 quae
301 2865 413 2938 Dares
428 2861 605 2962 Phrygius
628 2861 815 2936 memoriae
832 2861 1021 2936 commen-

211 2982 307 3058 davit
316 3038 328 3075 ,
344 2979 404 3084 qui
420 2978 530 3077 perid
548 2995 690 3078 tempus
706 2977 791 3053 vixit
802 3033 819 3072 ,
830 2994 865 3053 et
889 2976 1022 3050 milita·

210 3099 280 3189 vit,
291 3124 362 3196 quo
371 3096 484 3171 Graeci
494 3096 674 3194 ¹Trojanos
683 3109 957 3197 oppugnarunt3
973 3121 1019 3166 an

209 3216 376 3287 Homero
392 3214 610 3288 credendum
618 3269 631 3307 ‚
645 3213 707 3314 qui
719 3228 801 3313 post
815 3212 948 3286 multos
961 3237 1022 3285 an-

208 3355 275 3403 nos
295 3344 396 3405 natus
421 3346 472 3403 est
500 3358 608 3430 quam
634 3330 768 3406 bellum
791 3331 861 3405 hoc
877 3343 1021 3429 gestum

209 3447 331 3521 fuisset
350 3477 358 3522 ε
375 3447 419 3522 de
433 3474 503 3546 qua
520 3473 561 3524 re
575 3448 725 3529 Athenis
737 3448 914 3550 judicium
930 3445 1022 3544 fuir,
