2160 4132
295 413 469 469 onrnnr
498 416 558 460 na·
576 410 724 462 ruorr.
847 384 909 458 16r

92 566 96 573 ·
110 528 352 624 promiserunt
358 554 394 601 se
407 528 562 601 facturos
574 552 668 618 esse,
687 553 764 624 quae
775 525 918 598 Hercu*-

111 645 162 718 les
173 646 288 720 vellet.
302 647 360 719 Ab
369 646 423 717 his
432 643 647 720 Salaminam
660 643 858 740 profectus,
874 641 920 715 atl
994 632 1004 644 ’

112 762 348 836 Telamonem
359 761 592 860 renitzrogat
603 784 687 832 eum
698 774 739 830 ut
747 784 866 832 secum
874 759 920 831 ad

102 877 348 977 ''Trojanteass
367 895 403 951 et
418 879 500 950 suas
510 876 656 976 injurias
667 901 788 949 secum
800 875 922 979 defen·
948 916 957 923 -

112 995 183 1067 dat.
209 996 385 1070 Telamon
408 994 574 1092 promisit
589 993 804 1066 omnibusse
822 1018 924 1090 para-

112 1127 212 1204 tum,
238 1141 316 1212 quae
350 1111 526 1188 Hercules
552 1108 680 1184 'vellet
708 1110 799 1183 ‘Inde
828 1110 935 1207 apud.
977 1140 979 1145 ’

96 1229 275 1301 Phthiam
294 1229 477 1326 profectus
491 1243 543 1300 est
555 1229 600 1300 ad
608 1227 778 1319 Peleum‚
798 1241 924 1328 rogat-

113 1338 183 1442 que
200 1364 284 1415 cum
294 1361 336 1414 ut
352 1354 474 1418 securtt
490 1359 547 1415 eat
563 1345 608 1414 ad
625 1345 776 1442 Trojam
794 1373 802 1414 ε
821 1343 925 1441 polli-

114 1461 274 1558 citusque
288 1475 340 1531 est
353 1460 386 1532 ei
398 1440 524 1531 Peleus
536 1485 572 1531 se
590 1459 738 1530 iturum.
752 1460 840 1531 Inde
853 1462 928 1560 Pyt-

97 1601 100 1605 ¹
116 1576 192 1648 lum
200 1577 244 1648 ad
253 1577 447 1649 Nestorem
458 1575 638 1671 profectus
647 1590 698 1647 est
705 1628 717 1666 ,
731 1589 835 1674 rogat
843 1602 927 1648 eum

118 1695 255 1768 Nestor
267 1692 513 1792 quidvenerit.
525 1690 792 1773 Herculesdicit
801 1747 814 1784 ‚
831 1693 930 1791 quod

115 1811 239 1885 dolore
257 1827 463 1884 commotus
487 1810 552 1903 sit,
570 1809 658 1885 velle
678 1838 715 1884 se
731 1809 926 1884 exercitum

101 1928 150 2001 tin
175 1927 370 2029 Phrygiam
399 1928 541 2001 ducere.
568 1931 704 2002 Nestor
727 1929 925 2003 Herculem

100 2044 360 2135 conlaudavit,
387 2062 607 2142 operamque
626 2068 727 2118 suam
750 2047 925 2143 pollicitus

114 2177 177 2236 est.
203 2159 378 2234 Hercules
390 2160 452 2230 ubi
468 2161 632 2233 omnium
652 2163 853 2236 voluntates·
866 2166 925 2236 in-

114 2276 266 2369 tellexit,
291 2301 398 2350 naves
428 2305 502 2348 xri.
518 2292 641 2374 parat,
666 2277 796 2351 milites
814 2278 922 2380 eligit.

115 2392 191 2468 Ubi
213 2409 355 2491 tempus
372 2393 496 2466 datum
511 2409 563 2467 est
577 2394 846 2493 proficiscendi,
863 2396 926 2470 lit-

113 2513 257 2591 terasad
267 2537 424 2613 eosquos
434 2515 746 2616 rogaveratmisit‚
768 2515 923 2615 quicum

112 2632 182 2703 suis
208 2631 413 2703 homiuibus
439 2660 552 2731 quum
573 2635 748 2710 venissent
771 2635 925 2732 profecti

113 2761 195 2843 sunt
219 2747 256 2815 in
278 2749 496 2844 Phrygiam:
518 2765 553 2820 et
582 2752 626 2820 ad
645 2751 798 2850 Sigaeum
814 2770 924 2826 noctu

114 2878 346 2936 accesserunt.
360 2861 446 2936 Inde
459 2864 652 2955 Hercules,
670 2866 868 2960 Telamon,
888 2885 925 2943 et

113 2977 239 3054 Peleus
248 2975 627 3062 exercitumenavibus
635 2978 925 3084 eduxeruntzqui

112 3121 199 3172 vero
227 3092 390 3193 praesidio
414 3109 547 3186 essent,
573 3097 784 3191 Castorem,
801 3101 924 3175 Pollu-

113 3242 192 3290 cem
200 3269 212 3306 ,
228 3213 922 3314 etNestoremreliquerunt.Laomedon

112 3359 197 3405 cum
210 3330 365 3430 equestri
383 3331 485 3427 copia
497 3331 541 3405 ad
556 3359 655 3406 mare
668 3335 784 3428 venit,
799 3353 835 3410 et
848 3365 923 3413 coe-

112 3450 164 3545 pit
177 3447 338 3546 praeliari.
353 3448 530 3526 Hercules
544 3451 589 3523 ad
603 3452 849 3552 Trojamierat
857 3512 870 3549 ‚
886 3463 922 3532 et
