2160 4132
124 336 194 409 282
307 357 488 406 sununs
517 355 570 400 uu
598 353 762 402 unam.

316 589 522 661 CAPUT
557 589 743 658 xL111.

178 825 244 900 Ua
268 824 343 898 dies
366 820 571 899 recessionis
594 821 765 916 advenit,
787 839 966 925 tempes-

37 937 47 946 ’
130 959 218 1018 tates
234 966 378 1043 magnae
395 956 526 1015 exortae
542 954 644 1031 sunt,
666 952 700 1012 et
722 966 795 1038 per
815 943 964 1046 aliquot·

130 1061 205 1136 (fies
217 1073 475 1134 remansesunt.
495 1056 644 1130 Calchas
658 1060 882 1155 respondit,
900 1063 964 1135 ina

131 1178 215 1251 feris
235 1200 313 1248 non
339 1200 413 1247 esse
434 1173 667 1275 satisfactum.
686 1176 963 1274 Neoptolemo

130 1291 166 1365 in
207 1307 369 1365 mentem
401 1290 522 1383 veuit,
554 1289 808 1392 Polyxenam,
851 1296 959 1395 cujus

132 1433 251 1485 caussa
266 1388 370 1507 nater
385 1407 562 1506 perierat,
587 1433 662 1481 non
686 1432 765 1483 esse
788 1409 830 1482 in
856 1411 956 1514 regia

132 1526 328 1602 inventam.
353 1529 669 1627 Agamemnonem
693 1526 841 1624 poscit,
870 1554 957 1604 con·

135 1640 316 1742 queritur,
330 1658 469 1718 accusat
486 1641 694 1716 exercitum.
718 1645 956 1720 Antenorem

135 1756 299 1835 accersiri
309 1760 433 1857 jubet,
448 1760 601 1855 imperat
613 1775 654 1833 ut
666 1761 858 1861 perquirat
870 1786 956 1837 eam

135 1893 172 1951 et
189 1877 352 1948 adducas
372 1879 405 1946 ls
430 1877 474 1946 ad
491 1878 645 1950 AEneam
662 1877 762 1952 venit
772 1934 786 1972 ,
808 1892 844 1953 et
866 1878 952 1952 dili-

136 1989 281 2095 gentius
293 1989 470 2090 perquiait
485 2023 493 2062 :
509 2009 626 2093 utque
639 1992 803 2092 primum
821 1996 955 2098 Aegis}

136 2109 421 2209 proficiscantur,
440 2110 681 2212 Polyxenam,
701 2127 743 2185 ut
766 2111 957 2188 abscondi·

137 2242 212 2301 tam
226 2226 383 2320 invenit,
399 2229 443 2301 ad
457 2231 774 2329 Agamemnonem
790 2229 955 2305 adducita

136 2345 392 2444 Agamemnon
415 2346 667 2442 Neoptolemo
682 2344 780 2420 illam
808 2347 918 2421 tradit
941 2372 955 2418 a

136 2460 238 2558 isque
268 2486 347 2532 eam
374 2460 433 2532 ad‘
445 2463 625 2535 tumulum
657 2463 767 2560 patris
790 2462 948 2561 jugulat.

137 2577 391 2674 Agamemnon
409 2576 517 2650 iratus
538 2581 661 2654 AEneae
676 2580 770 2681 quod
787 2579 951 2680 Polyxe-

136 2720 221 2768 nam
240 2694 496 2789 absconderat,
509 2724 593 2772 cum
611 2700 681 2772 suis
700 2697 865 2797 protinus
881 2724 956 2796 pa·

140 2813 206 2886 tria
220 2813 388 2886 excedere
402 2814 515 2911 jubet.
539 2817 670 2889 AEueas
686 2843 768 2891 cum
783 2815 855 2888 suis
866 2841 958 2889 om-

139 2933 243 3004 nibus
253 2932 622 3028 nauibuspnofiscitur,
631 2933 807 3009 Antenori
819 2949 959 3008 temam

141 3048 259 3120 tradit.
281 3051 535 3149 Agamemnon
555 3066 747 3150 postquam
769 3050 961 3148 profectus

142 3181 213 3256 est,
231 3165 372 3238 Helena
388 3182 468 3263 post
480 3165 615 3265 aliquot
634 3167 709 3240 dies
726 3184 859 3243 moesta
871 3195 960 3241 ma-

143 3279 209 3380 gis,
218 3307 326 3375 quam
336 3283 457 3356 alacris
470 3283 621 3355 domum
634 3299 854 3381 reportatur,
868 3312 961 3358 cum

143 3420 206 3469 suo
220 3395 401 3470 Menelao.
412 3399 576 3474 Helenus
590 3429 673 3474 cum
687 3402 840 3475 Hecuba
850 3456 865 3494 ,
877 3403 968 3474 An-
