2160 4132
287 378 466 446 o'oennn
495 396 547 444 nn
575 375 741 448 annosae
821 376 823 380 ’
859 369 923 468 157

24 545 28 554 ·
115 526 182 582 ret.
196 514 219 584 J
221 537 305 584 ason
318 540 431 612 quum
441 527 583 609 tempus
596 511 819 609 supervenit,
832 509 932 585 litte-—

48 673 51 679 ι
116 654 173 699 ras
194 630 239 702 ad
265 656 325 703 eos
352 630 449 703 misit
474 629 536 729 qui
552 645 652 703 erant
665 628 830 726 polliciti,
848 651 931 703 sese-

116 775 186 818 una
196 747 328 843 ituros,
346 748 468 821 etilieo
479 747 769 827 conveneruntad
778 755 926 836 navem,

118 864 219 963 cujus
244 889 378 937 nomen
402 880 477 937 erat
496 866 611 966 Argo.v
633 861 745 942 Pelias
765 889 826 934 rex
845 884 928 960 quae

119 1006 209 1078 opus
220 997 319 1055 erant
331 983 367 1055 in
381 982 499 1057 navim
509 978 648 1079 imponi
656 980 757 1080 jussit
772 1006 781 1048 .·
800 993 835 1052 et
846 980 929 1063 hor·

118 1111 211 1168 tatus
234 1113 286 1170 est
305 1103 495 1190 Jasonem‚
519 1112 554 1170 et
578 1096 640 1197 qui
664 1125 747 1170 cum
770 1123 814 1170 eo
843 1093 928 1166 ituri

117 1230 216 1287 erant
223 1270 236 1307 ,
251 1230 291 1286 ut
299 1214 607 1290 animofortiirent
615 1217 660 1287 ad
667 1212 927 1311 perficiendum

119 1356 197 1429 quae
208 1332 324 1402 conati
338 1347 465 1405 essent.
485 1335 537 1404 Ea
549 1357 604 1402 res
617 1331 812 1403 Elaritatem
825 1331 928 1403 Grae-

120 1442 928 1539 ciaeetipsisfacturavidebatur.Demonstrare
989 1518 992 1525 ,

122 1560 258 1659 eosqui
271 1587 355 1633 cum
367 1565 498 1634 Jasone
510 1560 660 1657 profecti
673 1575 754 1631 sunt
768 1585 839 1630 non
848 1584 930 1631 nos-

123 1693 220 1748 trum
230 1692 282 1749 est
299 1706 306 1746 :
324 1678 385 1749 sed
393 1678 456 1778 qui
464 1679 539 1755 vult
548 1704 608 1754 eos
617 1694 829 1778 cognoscere
837 1732 850 1771 ‚
864 1677 931 1750 An-
966 1672 969 1676 ⁸

123 1798 293 1896 gmautas
303 1795 408 1897 legat.

389 2449 669 2554 canenti

172 2620 196 2688 J
197 2641 292 2689 ason
307 2632 346 2688 ut
357 2619 401 2690 ad
409 2619 602 2722 Phrygiam
610 2618 724 2712 venit,
739 2645 865 2694 navem
874 2619 933 2693 ad·

125 2730 444 2826 movitadportum
454 2736 648 2824 Simoenta.
659 2736 796 2833 Deinde
807 2762 933 2807 omnes
987 2764 992 2770 ·

127 2845 287 2916 exierunt
304 2846 348 2916 de
371 2846 451 2918 navi
468 2848 513 2917 ad
532 2862 677 2918 tenram.
696 2847 934 2921 Laomedonti
1031 2867 1033 2872 ’

125 2959 202 3059 regi
223 2961 464 3058 Trojanornm
479 2963 685 3035 nunciatum
704 2978 756 3034 est
762 2962 933 3058 „miran-

127 3078 210 3149 dam
228 3076 346 3149 navim
361 3077 397 3148 in
410 3094 556 3173 portum
570 3078 751 3153 Simoenta
763 3078 931 3173 intrasse,

126 3211 161 3268 et
182 3194 219 3266 in
237 3223 277 3267 ea
290 3195 435 3294 juvenes
450 3198 494 3270 de
510 3196 644 3271 Gracia
657 3198 820 3271 advectos
843 3225 929 3272 esse.
979 3215 981 3218 ’

124 3314 199 3387 Ubi
210 3313 343 3387 audivit
355 3315 565 3388 Laomedon
579 3343 640 3388 rex
648 3331 849 3388 commotus
860 3327 931 3407 est',

124 3447 158 3503 et
188 3431 423 3508 consideravit
448 3457 641 3508 commune
660 3432 880 3533 periculum,
903 3433 932 3505 si
