2160 4132
126 376 197 446 ²7⁰
308 371 483 433 osenna
509 372 565 415 ne
593 368 760 417 ruore.

153 490 198 563 t.
269 541 477 610 error
510 540 812 640 xxxvur.

122 770 127 777 -
176 718 385 804 Posrouan
419 714 500 789 finis
530 712 677 799 ‚dicendi
711 715 844 793 factus
878 736 950 813 est,

130 833 295 908 Prnmus
331 856 466 933 magno
490 829 614 905 animo
647 832 793 934 surgit,
825 836 951 938 ingerit

132 948 245 1023 multa
266 947 361 1023 mala
373 947 553 1023 Antenori
565 963 603 1023 et
614 949 773 1022 AEneae:
795 972 867 1028 eos
883 980 953 1029 aue

133 1083 230 1141 tores
245 1063 330 1139 belii
342 1064 537 1163 appetendi
557 1062 682 1155 fuisse,
700 1080 741 1140 et
764 1066 953 1171 legatorio

134 1181 308 1258 Graeciam
334 1179 526 1274 mittendi,
550 1207 666 1280 quum
697 1180 781 1280 ipse
809 1211 955 1286 quoque

134 1303 300 1377 Antenor
314 1296 452 1399 legatus
472 1295 636 1391 mdierit,
658 1312 695 1372 et
718 1301 952 1383 renunciare⁴

134 1417 229 1491 ritse
241 1413 500 1491 contumeliose
510 1428 699 1489 tractatum
709 1441 806 1492 esse.
817 1419 953 1493 Deinde

136 1551 173 1610 et
203 1534 379 1629 AEneam,
407 1532 473 1635 qui
495 1559 579 1609 cum
599 1531 818 1609 Alexandro
844 1536 956 1612 Hele-

136 1679 245 1749 nam,
264 1669 300 1728 et
320 1652 484 1752 proedpm
511 1640 694 1751 eripuerit.
716 1652 958 1754 Quapropter

138 1787 277 1851 certum
296 1770 363 1843 sibi
375 1796 449 1845 esse
459 1826 473 1864 ,
485 1795 614 1868 pacem
624 1793 699 1843 nou
711 1768 822 1845 fieri:
841 1772 957 1871 impe·

91 1952 99 1965 s
138 1902 264 1984 ratque
284 1901 325 1959 ut
343 1911 470 1960 omnes
489 1885 606 1984 parati
628 1885 720 1980 sint,
742 1913 861 1988 qumn
881 1887 955 1990 sig·

139 2029 231 2083 nuru
242 2001 401 2097 dederit,
421 2029 489 2102 per
502 2019 624 2104 portas
643 2004 891 2104 irruptionem
901 2005 957 2081 ta-

140 2148 221 2202 cere
242 2155 250 2196 :
273 2139 335 2199 aut
355 2121 517 2216 vincere,
531 2139 593 2199 aut
607 2122 706 2199 mori
722 2123 797 2201 sihi
815 2141 958 2203 certum

142 2270 228 2322 esse⁴
253 2246 343 2319 Hae
364 2257 559 2344 postquam
578 2240 684 2336 dixit,
698 2240 826 2317 multis
839 2241 960 2319 uerbis

142 2388 205 2438 eos
216 2363 399 2454 hortatus,
411 2359 605 2436 concilium
622 2357 782 2452 dimisit,
793 2359 958 2459 Amphi-

142 2479 314 2552 machum
340 2476 377 2549 in
411 2477 559 2578 regiam
577 2475 702 2571 duxit,
727 2475 891 2574 dixitque
915 2502 956 2552 se

142 2593 256 2671 vereri
285 2591 408 2666 abhis
433 2592 497 2693 qui
525 2619 653 2692 parem
679 2605 874 2685 suaserant,
889 2620 952 2671 ,ne

140 2706 318 2811 oppidum
332 2709 509 2808 prodant,
526 2737 658 2812 eosque
675 2707 958 2786 haberemuitos

142 2831 189 2904 de
201 2826 306 2927 plebe
324 2826 386 2929 qui
403 2855 487 2901 cum
505 2828 555 2905 eis
575 2829 728 2904 sentiant
743 2859 751 2900 :
766 2852 860 2927 opus
876 2852 958 2901 esse

44 3014 46 3021 .
143 2973 206 3023 eos
228 2945 392 3027 interfici.
419 2945 455 3020 Si
479 2947 548 3020 hoc
562 2946 706 3022 'factum
730 2945 795 3038 sit,
824 2971 863 3018 se
887 2971 958 3042 pa-

142 3065 250 3138 triam
270 3065 518 3154 defensurum,
540 3080 576 3137 et
588 3063 743 3165 Argivos
763 3077 957 3160 superatu-

143 3207 239 3254 rum.
265 3181 450 3282 Simulque
471 3198 595 3282 rogat,
621 3198 662 3254 ut
686 3181 753 3254 sihi
779 3179 895 3253 fidelis
921 3195 957 3253 et

143 3297 336 3390 obediens,
352 3315 566 3399 paratusque
589 3327 673 3372 cnm
692 3298 802 3371 armis
824 3297 899 3370 sit:
921 3297 959 3370 id

146 3411 221 3492 sine
245 3412 444 3512 suspicione
469 3416 518 3491 ita
542 3416 619 3492 fieri
645 3440 750 3516 posse
780 3429 962 3513 :postera
