2160 4132
124 378 178 484 ,ιζ
311 414 487 465 enum
514 418 570 467 nu
596 418 751 470 rnoru.

128 527 340 628 duratusque
351 527 398 601 ad
410 553 492 602 suos
504 530 648 606 reditus.
661 534 711 607 At
720 530 808 607 lucis
818 531 939 626 initio,

128 642 257 745 quibus
269 643 488 744 imperatum
499 662 590 740 erat,
602 649 648 721 ad
660 676 766 726 naves
777 647 941 744 veniunt,
967 658 974 688 ¹

128 760 312 836 decretum
327 762 459 840 civium
478 762 613 839 cunctis
631 784 800 842 narrant:
817 767 937 867 itaque

128 900 213 953 cum
237 878 368 980 quibus
391 895 494 953 autea
521 880 567 952 ad
592 883 839 956 confirmanda
861 910 941 983 quae

129 1008 273 1096 tempus
304 995 497 1089 mouebat,
526 996 706 1071 secedunt.
735 998 791 1069 lbi
824 1025 939 1094 quum

129 1113 242 1186 multa
259 1113 305 1185 de
319 1109 501 1209 republica
517 1138 557 1185 ac
570 1136 712 1184 summa
730 1135 853 1182 rerum
867 1109 939 1180 dis-

130 1218 307 1319 sererent,
322 1225 543 1302 voluntatem
555 1252 701 1327 quoque
713 1224 862 1299 Helenae
873 1224 941 1296 do·
968 1260 970 1264 >

130 1356 231 1434 cent,
244 1342 457 1443 veniamque
469 1359 585 1417 orant.
596 1345 642 1416 Et
655 1343 700 1414 ad
712 1357 938 1438 postremum
1016 1430 1019 1437 Ι

130 1457 346 1532 confirmant
354 1458 448 1532 inter
455 1485 492 1532 se
501 1456 713 1555 proditionis
721 1455 938 1551 pactionem.

130 1573 223 1648 Dein
242 1574 304 1649 ubi
317 1590 461 1672 tempus
471 1573 589 1648 visum
609 1586 685 1662 est,
705 1597 788 1643 cum
808 1571 941 1671 Ulysse

96 1726 102 1733 ·
131 1705 168 1764 et
179 1690 356 1763 Diomede
377 1690 423 1760 ad
431 1691 584 1787 Trojam
602 1684 766 1778 veniunt,
784 1686 941 1759 cohibito

131 1807 243 1904 Ajace
271 1807 316 1876 ab
342 1804 478 1896 AEnea‚
495 1801 693 1895 scilicetne
714 1829 784 1902 qua
806 1802 941 1876 insidiis

131 1920 397 2018 opprimeretur
414 1917 539 1990 talis
506 1945 578 2012 vir,
593 1945 702 2018 quem
720 1919 837 1992 solum
852 1923 941 1992 Bar·

133 2035 291 2110 bariuou
301 2061 400 2139 secus
409 2061 518 2135 quam
531 2034 706 2108 Achillem
720 2036 940 2109 metuebant.

133 2151 248 2253 Igitur
268 2167 475 2284 postquam
481 2151 588 2226 duces
609 2153 755 2228 Graeci
744 2149 944 2228 incivitate

3 2286 6 2291 '
134 2268 312 2366 conspecti
343 2285 442 2360 sunt,
467 2269 586 2344 cuncti
611 2270 712 2345 cives
727 2269 855 2343 tollunt
879 2295 943 2367 spe
999 2304 1001 2308 ·

135 2387 300 2481 animos,
324 2387 564 2460 existimantes
595 2385 704 2457 linem
728 2385 811 2457 belli
834 2400 945 2482 atque

129 2487 405 2575 discordiarum.
420 2505 545 2602 Itaque
557 2525 710 2599 propere
728 2513 868 2573 senatus
881 2499 942 2570 ha·

137 2616 249 2711 bitus,
261 2617 325 2691 ubi
335 2618 464 2692 nostris
475 2616 703 2716 praesentibus
715 2613 942 2708 decernitur,

137 2735 297 2832 primurn
320 2736 484 2809 omnium
502 2734 759 2811 Antimachum
779 2733 944 2806 exomni

137 2852 291 2953 Phrygia
318 2853 577 2946 exsulandum,
603 2850 735 2926 scilicet
758 2865 945 2925 auctorem

139 2966 227 3039 tanti
255 2968 352 3041 mali.
377 2967 471 3042 Dein
491 2994 600 3071 super
621 2965 854 3046 conditione
847 2967 948 3072 pacis

138 3083 281 3158 uectari
297 3099 469 3219 coeptum
