2160 4132
128 334 199 430 aid
314 358 490 409 corrue
518 358 572 404 or
600 348 756 403 ruore.

127 491 196 547 tur.
218 476 315 548 Dum
333 472 461 546 acriter
475 469 675 569 proeliatur,
692 493 814 566 equus
827 467 948 542 Troili

126 586 598 682 sauciuscorrnit‚Troilum
609 584 835 682 implicitum
845 613 951 661 excu-

126 707 181 780 tit.
201 710 295 780 Eum
315 705 472 781 Achilles
493 706 563 779 cito
582 702 778 779 adveniens
789 702 948 796 occidit,

128 839 221 896 etex
240 822 368 920 proelio
382 824 521 897 trahere
540 821 657 918 coepit.
680 821 728 893 Et
745 819 948 895 subtraxis-

129 956 202 1032 set,
215 940 283 1013 nisi
297 943 473 1013 Memnon
488 938 695 1035 eripuisset,
711 953 749 1011 et
761 938 946 1014 Achillem

127 1055 274 1131 uulnere
288 1055 483 1128 sauciasset.
500 1054 656 1127 Achilles
668 1054 858 1150 deproeiio
870 1081 946 1129 sau·

106 1173 203 1247 'cius
229 1171 332 1243 redit.
363 1173 538 1243 Memnon
566 1169 767 1269 insequitur
794 1187 834 1244 et
861 1198 945 1245 cum

129 1286 250 1359 multis
274 1286 546 1383 impressionem
583 1286 678 1360 facit.
704 1288 760 1360 Ut
788 1289 943 1384 respexit

130 1430 214 1477 enm
228 1402 403 1494 Achilles,
424 1402 552 1476 restitit
567 1432 575 1472 τ
591 1416 712 1475 curato
727 1402 855 1503 itaque
866 1404 943 1477 vul-

130 1545 238 1611 nere,¹
260 1533 296 1591 et
314 1517 572 1618 aliquantulum
594 1516 797 1614 proeliatus,
824 1522 943 1594 Mem·

130 1662 264 1710 nonem
286 1635 407 1709 multis
419 1635 532 1738 plagis
552 1635 702 1728 occidit,
720 1651 757 1708 et
770 1635 852 1734 ipse
864 1638 943 1712 vul-

131 1772 274 1830 neratus
301 1757 346 1828 ab
371 1783 414 1830 eo
438 1783 481 1829 ex
509 1755 634 1854 proelio
656 1757 815 1829 recessit.
843 1758 943 1831 Post-

130 1900 239 1970 quam
254 1875 440 1945 Persarum
461 1874 533 1945 dux
546 1874 680 1949 occisus
699 1890 775 1967 est,
789 1890 827 1948 et
845 1878 940 1948 Tro-

130 1987 297 2085 janorum
323 1987 496 2062 exercitus
520 1989 619 2064 fusus
644 2006 716 2082 est,
744 1991 877 2092 reliqui
899 1991 940 2067 iu

129 2103 305 2201 oppidum
319 2106 579 2207 confugerunt,
593 2123 786 2208 portasque
807 2109 940 2183 clause

132 2239 216 2296 runt
231 2254 238 2292 ε
255 2224 424 2320 proelium
448 2251 520 2298 nox
544 2224 689 2297 dirimit.
714 2228 863 2301 Postera
882 2228 939 2301 die

35 2366 48 2375 ·
131 2338 307 2412 aPriamo
321 2338 428 2440 legati
442 2341 488 2413 ad
503 2342 819 2441 Agamemnonem
843 2344 941 2417 missi

131 2470 229 2546 sunt,
248 2470 287 2527 ut
303 2454 462 2528 inducias
478 2471 664 2552 peterent:
684 2462 942 2558 Agamemnon

132 2593 175 2638 ex
188 2567 323 2643 consilii
336 2569 509 2641 sententia
522 2571 559 2642 in
573 2572 649 2646 dies
665 2600 756 2645 xxx.
771 2572 941 2648 inducias

132 2680 227 2755 facit.
251 2682 415 2757 Priamus
438 2686 623 2781 Troilum,
649 2706 685 2763 et
702 2690 940 2763 Memnonem

132 2800 325 2901 magnifico
335 2801 461 2876 funere
475 2806 577 2878 effert
592 2836 600 2875 ε
617 2798 831 2906 caeterosque
843 2807 945 2879 miii-

133 2929 185 2990 tes
199 2917 341 3019 utrique
355 2918 574 3018 sepeliendos
586 2936 723 2996 curant.
