2160 4132
306 381 481 446 curans
509 391 570 436 ns·
589 388 741 437 nitore.
855 359 923 438 28'1
960 398 967 408 ⁴

127 498 278 573 titurum
293 531 300 572 :
316 499 493 600 simulque
508 499 704 575 exercitum
717 497 882 591 consulit,
892 527 939 572 an

128 615 265 714 placeat
283 617 459 701 Antenori
480 633 515 691 et
535 619 677 710 AEneae,
698 644 782 692 cum
803 616 857 690 his
875 616 940 718 qui

129 759 201 804 una
221 734 374 831 patriam
397 734 650 832 prodiderant,
667 733 798 809 servari
808 789 821 827 ,
842 733 940 834 quod

130 849 196 925 illis
208 849 300 924 clam
313 852 626 927 confirmaverant.
646 851 829 926 Exercitus
846 864 941 925 totus

129 965 341 1061 conclamat,
357 969 497 1067 placere
509 969 575 1041 sibi
583 998 594 1056 ;
607 967 728 1068 itaque
740 967 944 1043 convocatis

128 1084 315 1178 omnibus,
342 1086 464 1158 omnia
493 1113 555 1158 sua
583 1085 749 1158 reddidit.
776 1087 945 1159 Antenor

127 1217 232 1302 rogat
254 1203 591 1302 Agamemnonem,
617 1218 657 1275 ut
676 1203 742 1276 sibi
758 1203 862 1279 liceat
883 1200 943 1277 di-

129 1314 222 1391 cere.
239 1320 494 1417 Agamemnon
503 1320 623 1394 dicere
632 1320 745 1416 jubet.
759 1317 941 1416 Principio

131 1436 296 1505 Antenor
317 1434 447 1534 gratias
470 1435 686 1533 Grajugenis
702 1435 796 1536 agit,
816 1434 943 1508 simul-

133 1573 205 1646 que
229 1563 493 1643 commemorat
518 1549 704 1622 Helenum
731 1567 767 1624 et
791 1554 944 1625 Cassan-

130 1663 235 1736 dram
268 1689 411 1762 semper
438 1664 530 1763 patri
557 1663 691 1738 bellum
720 1664 920 1743 dissuasisse
932 1722 945 1759 ,

131 1778 261 1854 Achilli
286 1781 489 1879 sepulcrum
515 1781 700 1855 Helenum
727 1781 853 1856 dixisse
877 1784 945 1857 do·

103 1992 107 1999 ι
131 1896 227 1989 nari,
246 1912 281 1971 et
294 1897 383 1971 dixit
396 1897 580 1971 Helenum
594 1898 716 1972 omnia
729 1898 829 1973 scire.
845 1903 944 2002 Aga·

130 2038 306 2089 memnon
325 2041 369 2087 ex
391 2015 525 2088 consilii
546 2015 720 2090 sententia
738 2016 883 2091 Heleno
905 2034 942 2093 et

132 2130 338 2204 Cassandrae
352 2129 555 2203 libertatem
567 2132 675 2204 dedit.
694 2132 854 2205 Helenus
870 2161 939 2230 pro

130 2245 284 2322 Hecuba
320 2259 357 2318 et
385 2245 639 2320 Andromacha
675 2271 803 2347 rogare
834 2249 943 2347 coepit

132 2366 475 2464 Agamemnonem,
503 2388 794 2440 commemorans
819 2366 864 2439 ab
887 2365 943 2439 his

131 2466 275 2580 semper
291 2508 375 2555 eum
394 2481 563 2558 dilectum
581 2509 667 2558 esse.
686 2487 944 2584 Agamemnon

131 2600 176 2672 ad
195 2597 383 2672 consilium
406 2601 540 2674 refert:
556 2599 688 2699 placuit
708 2599 775 2673 illis
794 2600 940 2676 liberta-

130 2731 205 2786 tem
213 2714 329 2805 reddi,
339 2740 472 2811 suaque
484 2718 604 2787 omnia
617 2716 767 2806 restitui,
776 2719 939 2812 praedam

131 2853 281 2901 omnem
297 2826 478 2927 aequaliter
491 2828 602 2903 dividi
625 2858 634 2900 z
657 2829 788 2902 hostias
805 2844 841 2902 et
856 2845 939 2905 vota

132 2945 268 3019 solvere
275 2972 285 3032 ;
314 2945 515 3044 etqnando
541 2946 694 3022 debeant
713 2945 866 3027 domum
888 2973 947 3026 re·.

131 3061 222 3138 verti
235 3059 331 3137 diem
345 3061 571 3139 constituere.
