2160 4132
219 359 287 435 166
333 348 336 353 ¹
395 376 653 434 sorranus
679 384 829 435 rnorr.

484 821 674 893 CAPUT
705 823 745 891 V.

260 994 473 1081 Anrrnon,
489 1004 530 1060 ut
547 989 708 1061 Priamus
727 990 939 1089 imperarit,
954 1017 1023 1067 na.

209 1108 284 1184 rim
292 1101 495 1180 conscendit
503 1157 515 1195 ,
529 1102 752 1199 etprofectus
763 1106 860 1178 venit
870 1109 1028 1208 Magne-

208 1223 296 1296 siam
321 1219 368 1292 ad
379 1217 538 1292 Peleum.
563 1220 683 1319 Quem
712 1218 836 1295 Peleus
861 1221 1027 1319 hospitio

205 1336 330 1412 'triduo
344 1334 496 1434 recepit,
509 1334 566 1410 die
580 1352 708 1436 quarto
717 1352 819 1437 rogat
832 1364 917 1411 eum
932 1339 1025 1440 quid

210 1454 358 1533 venerit.
379 1457 543 1528 Antenor
568 1451 652 1528 dicit
676 1480 809 1553 eaquae
828 1481 849 1526 a
875 1454 1023 1532 Priamo

211 1572 381 1648 mandata
394 1585 515 1663 erant,
530 1568 658 1646 Graios
672 1568 871 1667 postulare,
885 1587 927 1645 ut
938 1574 1022 1648 He-

212 1690 312 1764 siona
325 1685 546 1760 redderetur.
562 1684 725 1761 Haecubi
735 1685 859 1759 Peleus
868 1686 1022 1783 audivit,

212 1803 370 1909 ¹graviter
384 1803 486 1896 tulit,
512 1829 556 1875 eo
574 1803 673 1903 quod
694 1803 762 1877 hoc
776 1803 953 1900 pertinere
973 1807 1022 1880 ad

212 1948 250 1997 se
267 1921 409 1996 videbat
423 1952 431 1993 t
447 1922 547 2018 jubet
562 1948 645 1994 eum
661 1921 705 1994 de
725 1920 854 1995 linibus
867 1921 937 1996 suis
946 1921 1022 1996 dis-

212 2039 351 2115 cedere.
382 2041 546 2112 Antenor
570 2037 658 2110 nihil
690 2053 875 2132 moretm,
899 2036 1022 2114 navim

212 2156 390 2250 ascendit,
416 2155 484 2229 iter
509 2154 593 2230 fecit
613 2153 829 2230 Salaminam
846 2155 891 2228 ad
913 2155 1025 2231 Tela-

212 2302 361 2350 monem
387 2305 395 2346 :
417 2300 543 2375 rogare
563 2300 647 2346 eum
671 2272 798 2371 erepit,
817 2255 858 2346 ut
877 2271 1022 2350 Priamo

212 2416 374 2467 sororem
395 2390 594 2464 Hesionam
623 2390 787 2463 redderet
798 2419 809 2480 3
826 2417 899 2465 non
924 2391 1022 2465 enim

213 2534 289 2581 esse
308 2533 448 2605 {equum
468 2520 539 2578 tam
559 2503 621 2577 diu
641 2504 679 2577 in
696 2506 862 2583 servitute
888 2506 1022 2583 habere

213 2621 302 2725 regii
316 2621 455 2725 generis
467 2620 634 2720 puellam.
652 2621 826 2698 Telamon
840 2625 1021 2698 Antenori

215 2738 419 2842 respondit,
437 2739 524 2812 nihil
539 2767 558 2812 a
573 2765 609 2815 se
626 2739 770 2814 Priamo
783 2741 917 2816 factum
933 2771 942 2812 ε
958 2742 1022 2818 sed

216 2860 316 2964 quod
331 2859 470 2935 virtutis
483 2885 602 2933 caussa
619 2859 792 2933 donatum
806 2858 852 2933 sit
866 2916 878 2953 ,
906 2885 943 2933 se
956 2885 1023 2932 ne-

215 2977 307 3053 mini
320 2978 488 3051 daturum
502 3007 510 3046 ε
529 2975 577 3048 ob
588 2976 657 3051 hoc
669 2977 895 3049 Antenorem
910 2973 1023 3047 insula

216 3096 396 3170 discedere
408 3095 517 3194 jubet.
537 3096 702 3167 Antenor
712 3120 841 3168 navem
856 3117 1026 3167 conscen-

216 3211 287 3303 dit,
304 3212 343 3283 in
357 3209 529 3285 Achaiam
548 3208 655 3284 venit.
671 3208 759 3284 Inde
774 3209 821 3282 ad
836 3210 1025 3282 Castorem

216 3342 254 3403 et
270 3327 453 3401 Pollucem
465 3327 601 3400 delatus
609 3385 623 3419 ,
642 3327 752 3425 coepit
764 3327 810 3400 ab
833 3325 886 3399 his
897 3339 1041 3422 postu--

215 3442 308 3538 lare,
336 3459 376 3517 ut
394 3443 537 3519 Priamo
552 3443 812 3537 satisfacerent,
832 3457 871 3519 et
894 3440 929 3517 ei
943 3443 1027 3523 He,
