<?xml version="1.0" encoding="UTF-8"?>
<!DOCTYPE html PUBLIC "-//W3C//DTD XHTML 1.0 Transitional//EN"
    "http://www.w3.org/TR/xhtml1/DTD/xhtml1-transitional.dtd">
<html xmlns="http://www.w3.org/1999/xhtml" xml:lang="en" lang="en">
 <head>
  <title>
</title>
<meta http-equiv="Content-Type" content="text/html;charset=utf-8" />
  <meta name='ocr-system' content='tesseract 3.04.00' />
  <meta name='ocr-capabilities' content='ocr_page ocr_carea ocr_par ocr_line ocrx_word'/>
</head>
<body>
  <div class='ocr_page' id='page_1' title='image "./histoiredelague00daregoog_0182.png"; bbox 0 0 2160 4132; ppageno 0'>
   <div class='ocr_carea' id='block_1_1' title="bbox 222 298 854 376">
    <p class='ocr_par' dir='ltr' id='par_1_1' title="bbox 222 298 854 376">
     <span class='ocr_line' id='line_1_1' title="bbox 222 298 854 376; baseline 0.009 -27"><span class='ocrx_word' id='word_1_1' title='bbox 222 303 293 376; x_wconf 63' lang='lat'><strong>*7⁰</strong></span> <span class='ocrx_word' id='word_1_2' title='bbox 402 304 583 352; x_wconf 75' lang='lat' dir='ltr'><strong>onerer</strong></span> <span class='ocrx_word' id='word_1_3' title='bbox 610 306 667 352; x_wconf 81' lang='lat' dir='ltr'><strong>nr</strong></span> <span class='ocrx_word' id='word_1_4' title='bbox 695 298 854 354; x_wconf 64' lang='lat' dir='ltr'><strong>ruere·</strong></span> 
     </span>
    </p>
   </div>
   <div class='ocr_carea' id='block_1_2' title="bbox 117 415 1055 2846">
    <p class='ocr_par' dir='ltr' id='par_1_2' title="bbox 217 415 1032 513">
     <span class='ocr_line' id='line_1_2' title="bbox 217 415 1032 513; baseline 0.006 -24"><span class='ocrx_word' id='word_1_5' title='bbox 217 432 297 489; x_wconf 83' lang='lat' dir='ltr'><strong>tum</strong></span> <span class='ocrx_word' id='word_1_6' title='bbox 315 415 353 486; x_wconf 92' lang='lat' dir='ltr'><strong>in</strong></span> <span class='ocrx_word' id='word_1_7' title='bbox 371 416 552 490; x_wconf 73' lang='lat' dir='ltr'><strong>Graeciam</strong></span> <span class='ocrx_word' id='word_1_8' title='bbox 568 417 727 513; x_wconf 83' lang='lat' dir='ltr'><strong>misisse,</strong></span> <span class='ocrx_word' id='word_1_9' title='bbox 740 435 780 493; x_wconf 92' lang='lat' dir='ltr'><strong>nt</strong></span> <span class='ocrx_word' id='word_1_10' title='bbox 796 421 834 492; x_wconf 88' lang='lat' dir='ltr'><strong>hi</strong></span> <span class='ocrx_word' id='word_1_11' title='bbox 850 420 918 494; x_wconf 90' lang='lat' dir='ltr'><strong>sibi</strong></span> <span class='ocrx_word' id='word_1_12' title='bbox 936 421 1032 494; x_wconf 82' lang='lat' dir='ltr'><strong>setis·</strong></span> 
     </span>
    </p>

    <p class='ocr_par' dir='ltr' id='par_1_3' title="bbox 215 533 1028 635">
     <span class='ocr_line' id='line_1_3' title="bbox 215 533 1028 635; baseline 0 -24"><span class='ocrx_word' id='word_1_13' title='bbox 215 533 378 611; x_wconf 73' lang='lat' dir='ltr'><strong>facerent</strong></span> <span class='ocrx_word' id='word_1_14' title='bbox 393 536 494 635; x_wconf 86' lang='lat' dir='ltr'><strong>quod</strong></span> <span class='ocrx_word' id='word_1_15' title='bbox 522 552 665 634; x_wconf 88' lang='lat' dir='ltr'><strong>patrem</strong></span> <span class='ocrx_word' id='word_1_16' title='bbox 691 562 798 612; x_wconf 81' lang='lat' dir='ltr'><strong>sunm</strong></span> <span class='ocrx_word' id='word_1_17' title='bbox 823 554 1028 631; x_wconf 82' lang='lat' dir='ltr'><strong>necassent,</strong></span> 
     </span>
    </p>

    <p class='ocr_par' dir='ltr' id='par_1_4' title="bbox 215 651 1033 731">
     <span class='ocr_line' id='line_1_4' title="bbox 215 651 1033 731; baseline 0.001 -2"><span class='ocrx_word' id='word_1_18' title='bbox 215 651 419 729; x_wconf 80' lang='lat' dir='ltr'>Hesionam</span> <span class='ocrx_word' id='word_1_19' title='bbox 437 653 505 727; x_wconf 90' lang='lat' dir='ltr'><strong>sibi</strong></span> <span class='ocrx_word' id='word_1_20' title='bbox 522 655 737 730; x_wconf 88' lang='lat' dir='ltr'><strong>redderent:</strong></span> <span class='ocrx_word' id='word_1_21' title='bbox 752 656 1033 731; x_wconf 82' lang='lat' dir='ltr'><strong>illoscontume·</strong></span> 
     </span>
    </p>

    <p class='ocr_par' dir='ltr' id='par_1_5' title="bbox 211 767 1055 1571">
     <span class='ocr_line' id='line_1_5' title="bbox 212 767 1047 863; baseline -0.001 -16"><span class='ocrx_word' id='word_1_22' title='bbox 212 767 303 847; x_wconf 77' lang='lat' dir='ltr'><strong>iiose</strong></span> <span class='ocrx_word' id='word_1_23' title='bbox 318 785 513 863; x_wconf 80' lang='lat' dir='ltr'><strong>tractasse,</strong></span> <span class='ocrx_word' id='word_1_24' title='bbox 531 788 567 845; x_wconf 89' lang='lat' dir='ltr'><strong>et</strong></span> <span class='ocrx_word' id='word_1_25' title='bbox 581 774 807 847; x_wconf 84' lang='lat' dir='ltr'><strong>Antenorem</strong></span> <span class='ocrx_word' id='word_1_26' title='bbox 821 773 909 846; x_wconf 85' lang='lat' dir='ltr'><strong>nihil</strong></span> <span class='ocrx_word' id='word_1_27' title='bbox 924 773 972 846; x_wconf 89' lang='lat' dir='ltr'><strong>ab</strong></span> <span class='ocrx_word' id='word_1_28' title='bbox 984 771 1047 846; x_wconf 86' lang='lat' dir='ltr'><strong>eis·</strong></span> 
     </span>
     <span class='ocr_line' id='line_1_6' title="bbox 211 887 1048 988; baseline -0.004 -23"><span class='ocrx_word' id='word_1_29' title='bbox 211 887 438 987; x_wconf 65' lang='lat' dir='ltr'><strong>impetrasse.</strong></span> <span class='ocrx_word' id='word_1_30' title='bbox 450 891 590 961; x_wconf 89' lang='lat' dir='ltr'><strong>Verum</strong></span> <span class='ocrx_word' id='word_1_31' title='bbox 605 891 778 988; x_wconf 75' lang='lat' dir='ltr'><strong>quoniam</strong></span> <span class='ocrx_word' id='word_1_32' title='bbox 792 918 893 965; x_wconf 86' lang='lat' dir='ltr'><strong>suam</strong></span> <span class='ocrx_word' id='word_1_33' title='bbox 906 891 1048 966; x_wconf 72' lang='lat' dir='ltr'><strong>volun-¹</strong></span> 
     </span>
     <span class='ocr_line' id='line_1_7' title="bbox 215 1003 1040 1098; baseline 0 -17"><span class='ocrx_word' id='word_1_34' title='bbox 215 1022 330 1081; x_wconf 74' lang='lat' dir='ltr'><strong>tatem</strong></span> <span class='ocrx_word' id='word_1_35' title='bbox 339 1007 455 1078; x_wconf 79' lang='lat' dir='ltr'><strong>faeere</strong></span> <span class='ocrx_word' id='word_1_36' title='bbox 467 1003 686 1095; x_wconf 80' lang='lat' dir='ltr'><strong>noluissent,</strong></span> <span class='ocrx_word' id='word_1_37' title='bbox 701 1006 815 1079; x_wconf 83' lang='lat' dir='ltr'><strong>videri</strong></span> <span class='ocrx_word' id='word_1_38' title='bbox 823 1008 914 1098; x_wconf 77' lang='lat' dir='ltr'><strong>sibi,</strong></span> <span class='ocrx_word' id='word_1_39' title='bbox 930 1020 1040 1083; x_wconf 56' lang='lat' dir='ltr'><strong>exerss</strong></span> 
     </span>
     <span class='ocr_line' id='line_1_8' title="bbox 212 1117 1055 1221; baseline 0.004 -29"><span class='ocrx_word' id='word_1_40' title='bbox 212 1123 330 1206; x_wconf 62' lang='lat' dir='ltr'><strong>citum</strong></span> <span class='ocrx_word' id='word_1_41' title='bbox 339 1119 377 1193; x_wconf 85' lang='lat' dir='ltr'><strong>in</strong></span> <span class='ocrx_word' id='word_1_42' title='bbox 386 1117 562 1194; x_wconf 74' lang='lat' dir='ltr'><strong>Graeciam</strong></span> <span class='ocrx_word' id='word_1_43' title='bbox 575 1117 739 1212; x_wconf 87' lang='lat' dir='ltr'><strong>mittere,</strong></span> <span class='ocrx_word' id='word_1_44' title='bbox 754 1120 815 1221; x_wconf 85' lang='lat' dir='ltr'><strong>qni</strong></span> <span class='ocrx_word' id='word_1_45' title='bbox 824 1123 972 1218; x_wconf 82' lang='lat' dir='ltr'><strong>praedas</strong></span> <span class='ocrx_word' id='word_1_46' title='bbox 986 1140 1055 1196; x_wconf 67' lang='lat' dir='ltr'><strong>ree-¹</strong></span> 
     </span>
     <span class='ocr_line' id='line_1_9' title="bbox 213 1235 1039 1340; baseline 0.004 -28"><span class='ocrx_word' id='word_1_47' title='bbox 213 1253 321 1340; x_wconf 78' lang='lat' dir='ltr'><strong>peret</strong></span> <span class='ocrx_word' id='word_1_48' title='bbox 349 1237 394 1310; x_wconf 82' lang='lat' dir='ltr'><strong>ab</strong></span> <span class='ocrx_word' id='word_1_49' title='bbox 408 1235 461 1312; x_wconf 86' lang='lat' dir='ltr'><strong>eis</strong></span> <span class='ocrx_word' id='word_1_50' title='bbox 473 1292 485 1329; x_wconf 93' lang='lat'><strong>,</strong></span> <span class='ocrx_word' id='word_1_51' title='bbox 504 1264 550 1311; x_wconf 90' lang='lat' dir='ltr'><strong>ne</strong></span> <span class='ocrx_word' id='word_1_52' title='bbox 577 1237 753 1312; x_wconf 84' lang='lat' dir='ltr'><strong>Barbaros</strong></span> <span class='ocrx_word' id='word_1_53' title='bbox 779 1235 893 1312; x_wconf 84' lang='lat' dir='ltr'><strong>Graeci</strong></span> <span class='ocrx_word' id='word_1_54' title='bbox 908 1237 1039 1314; x_wconf 86' lang='lat' dir='ltr'><strong>irrisui</strong></span> 
     </span>
     <span class='ocr_line' id='line_1_10' title="bbox 215 1353 1039 1456; baseline -0.007 -25"><span class='ocrx_word' id='word_1_55' title='bbox 215 1358 404 1435; x_wconf 72' lang='lat' dir='ltr'><strong>heberent.</strong></span> <span class='ocrx_word' id='word_1_56' title='bbox 430 1356 679 1456; x_wconf 81' lang='lat' dir='ltr'><strong>Hortatusque</strong></span> <span class='ocrx_word' id='word_1_57' title='bbox 691 1369 745 1429; x_wconf 83' lang='lat' dir='ltr'><strong>est</strong></span> <span class='ocrx_word' id='word_1_58' title='bbox 760 1353 926 1429; x_wconf 85' lang='lat' dir='ltr'><strong>Priamus</strong></span> <span class='ocrx_word' id='word_1_59' title='bbox 945 1353 1039 1432; x_wconf 81' lang='lat' dir='ltr'><strong>libe·</strong></span> 
     </span>
     <span class='ocr_line' id='line_1_11' title="bbox 218 1470 1035 1571; baseline -0.009 -17"><span class='ocrx_word' id='word_1_60' title='bbox 218 1503 282 1554; x_wconf 89' lang='lat' dir='ltr'><strong>ros</strong></span> <span class='ocrx_word' id='word_1_61' title='bbox 296 1501 378 1551; x_wconf 86' lang='lat' dir='ltr'><strong>snos</strong></span> <span class='ocrx_word' id='word_1_62' title='bbox 389 1530 401 1568; x_wconf 93' lang='lat'><strong>,</strong></span> <span class='ocrx_word' id='word_1_63' title='bbox 420 1488 461 1545; x_wconf 91' lang='lat' dir='ltr'><strong>ut</strong></span> <span class='ocrx_word' id='word_1_64' title='bbox 480 1472 587 1571; x_wconf 85' lang='lat' dir='ltr'><strong>hujus</strong></span> <span class='ocrx_word' id='word_1_65' title='bbox 612 1470 663 1548; x_wconf 89' lang='lat' dir='ltr'><strong>rei</strong></span> <span class='ocrx_word' id='word_1_66' title='bbox 684 1470 862 1569; x_wconf 86' lang='lat' dir='ltr'><strong>principes</strong></span> <span class='ocrx_word' id='word_1_67' title='bbox 885 1471 1035 1566; x_wconf 83' lang='lat' dir='ltr'><strong>forent,</strong></span> 
     </span>
    </p>

    <p class='ocr_par' dir='ltr' id='par_1_6' title="bbox 219 1586 1036 1688">
     <span class='ocr_line' id='line_1_12' title="bbox 219 1586 1036 1688; baseline -0.011 -17"><span class='ocrx_word' id='word_1_68' title='bbox 219 1592 380 1671; x_wconf 82' lang='lat' dir='ltr'><strong>maxime</strong></span> <span class='ocrx_word' id='word_1_69' title='bbox 395 1594 608 1664; x_wconf 86' lang='lat' dir='ltr'><strong>Hectorem</strong></span> <span class='ocrx_word' id='word_1_70' title='bbox 618 1619 626 1659; x_wconf 74' lang='grc' dir='ltr'><strong><em>ε</em></strong></span> <span class='ocrx_word' id='word_1_71' title='bbox 638 1603 718 1663; x_wconf 79' lang='lat' dir='ltr'><strong>erat</strong></span> <span class='ocrx_word' id='word_1_72' title='bbox 731 1586 829 1662; x_wconf 89' lang='lat' dir='ltr'><strong>enim</strong></span> <span class='ocrx_word' id='word_1_73' title='bbox 841 1587 961 1688; x_wconf 68' lang='lat' dir='ltr'><strong>maior</strong></span> <span class='ocrx_word' id='word_1_74' title='bbox 973 1616 1036 1663; x_wconf 83' lang='lat' dir='ltr'><strong>na-</strong></span> 
     </span>
    </p>

    <p class='ocr_par' dir='ltr' id='par_1_7' title="bbox 117 1705 1035 1806">
     <span class='ocr_line' id='line_1_13' title="bbox 117 1705 1035 1806; baseline -0.002 -24"><span class='ocrx_word' id='word_1_75' title='bbox 117 1724 121 1730; x_wconf 83' lang='lat'>&#39;</span> <span class='ocrx_word' id='word_1_76' title='bbox 219 1726 263 1782; x_wconf 83' lang='lat' dir='ltr'><strong>tn</strong></span> <span class='ocrx_word' id='word_1_77' title='bbox 278 1740 287 1780; x_wconf 90' lang='lat'><strong>:</strong></span> <span class='ocrx_word' id='word_1_78' title='bbox 302 1709 365 1806; x_wconf 86' lang='lat' dir='ltr'><strong>qui</strong></span> <span class='ocrx_word' id='word_1_79' title='bbox 378 1709 486 1801; x_wconf 87' lang='lat' dir='ltr'><strong>eoepit</strong></span> <span class='ocrx_word' id='word_1_80' title='bbox 496 1706 638 1797; x_wconf 84' lang='lat' dir='ltr'><strong>dicere,</strong></span> <span class='ocrx_word' id='word_1_81' title='bbox 656 1705 747 1779; x_wconf 81' lang='lat' dir='ltr'><strong>velie</strong></span> <span class='ocrx_word' id='word_1_82' title='bbox 760 1732 798 1779; x_wconf 87' lang='lat' dir='ltr'><strong>se</strong></span> <span class='ocrx_word' id='word_1_83' title='bbox 811 1705 957 1806; x_wconf 89' lang='lat' dir='ltr'><strong>quidem</strong></span> <span class='ocrx_word' id='word_1_84' title='bbox 972 1734 1035 1782; x_wconf 87' lang='lat' dir='ltr'><strong>vo-</strong></span> 
     </span>
    </p>

    <p class='ocr_par' dir='ltr' id='par_1_8' title="bbox 216 1820 1048 2045">
     <span class='ocr_line' id='line_1_14' title="bbox 218 1820 1048 1921; baseline 0.002 -26"><span class='ocrx_word' id='word_1_85' title='bbox 218 1823 396 1904; x_wconf 78' lang='lat' dir='ltr'><strong>luntatem</strong></span> <span class='ocrx_word' id='word_1_86' title='bbox 414 1826 524 1916; x_wconf 83' lang='lat' dir='ltr'><strong>patris</strong></span> <span class='ocrx_word' id='word_1_87' title='bbox 541 1820 712 1921; x_wconf 84' lang='lat' dir='ltr'><strong>exsequi,</strong></span> <span class='ocrx_word' id='word_1_88' title='bbox 727 1823 1048 1904; x_wconf 76' lang='lat' dir='ltr'><strong>etLaontedoutis²</strong></span> 
     </span>
     <span class='ocr_line' id='line_1_15' title="bbox 216 1936 1036 2045; baseline 0 -31"><span class='ocrx_word' id='word_1_89' title='bbox 216 1939 279 2019; x_wconf 75' lang='lat' dir='ltr'><strong>,aei</strong></span> <span class='ocrx_word' id='word_1_90' title='bbox 294 1937 349 2010; x_wconf 88' lang='lat' dir='ltr'><strong>sui</strong></span> <span class='ocrx_word' id='word_1_91' title='bbox 365 1963 492 2011; x_wconf 84' lang='lat' dir='ltr'><strong>necem</strong></span> <span class='ocrx_word' id='word_1_92' title='bbox 504 1936 646 2031; x_wconf 82' lang='lat' dir='ltr'><strong>ulcisci,</strong></span> <span class='ocrx_word' id='word_1_93' title='bbox 665 1954 702 2012; x_wconf 88' lang='lat' dir='ltr'><strong>et</strong></span> <span class='ocrx_word' id='word_1_94' title='bbox 715 1940 961 2045; x_wconf 77' lang='lat' dir='ltr'><strong>quascumque</strong></span> <span class='ocrx_word' id='word_1_95' title='bbox 979 1941 1036 2014; x_wconf 86' lang='lat' dir='ltr'><strong>in·-</strong></span> 
     </span>
    </p>

    <p class='ocr_par' dir='ltr' id='par_1_9' title="bbox 221 2056 1036 2161">
     <span class='ocr_line' id='line_1_16' title="bbox 221 2056 1036 2161; baseline 0.001 -29"><span class='ocrx_word' id='word_1_96' title='bbox 221 2058 331 2161; x_wconf 74' lang='lat' dir='ltr'><strong>jurias</strong></span> <span class='ocrx_word' id='word_1_97' title='bbox 354 2057 469 2136; x_wconf 79' lang='lat' dir='ltr'><strong>Graeci</strong></span> <span class='ocrx_word' id='word_1_98' title='bbox 490 2056 658 2158; x_wconf 65' lang='lat' dir='ltr'><strong>Troianis</strong></span> <span class='ocrx_word' id='word_1_99' title='bbox 690 2058 853 2133; x_wconf 84' lang='lat' dir='ltr'><strong>fecissent</strong></span> <span class='ocrx_word' id='word_1_100' title='bbox 865 2115 877 2151; x_wconf 90' lang='lat'><strong>,</strong></span> <span class='ocrx_word' id='word_1_101' title='bbox 903 2086 948 2132; x_wconf 89' lang='lat' dir='ltr'><strong>ne</strong></span> <span class='ocrx_word' id='word_1_102' title='bbox 965 2057 1036 2133; x_wconf 76' lang='lat' dir='ltr'><strong>‘im-</strong></span> 
     </span>
    </p>

    <p class='ocr_par' dir='ltr' id='par_1_10' title="bbox 220 2175 1034 2277">
     <span class='ocr_line' id='line_1_17' title="bbox 220 2175 1034 2277; baseline 0.001 -27"><span class='ocrx_word' id='word_1_103' title='bbox 220 2177 392 2277; x_wconf 87' lang='lat' dir='ltr'><strong>punitum</strong></span> <span class='ocrx_word' id='word_1_104' title='bbox 407 2176 445 2246; x_wconf 88' lang='lat' dir='ltr'><strong>id</strong></span> <span class='ocrx_word' id='word_1_105' title='bbox 459 2175 574 2250; x_wconf 82' lang='lat' dir='ltr'><strong>Graiis</strong></span> <span class='ocrx_word' id='word_1_106' title='bbox 602 2176 694 2249; x_wconf 86' lang='lat' dir='ltr'><strong>foret</strong></span> <span class='ocrx_word' id='word_1_107' title='bbox 715 2207 723 2247; x_wconf 76' lang='grc' dir='ltr'><strong><em>ε</em></strong></span> <span class='ocrx_word' id='word_1_108' title='bbox 746 2176 809 2250; x_wconf 79' lang='lat' dir='ltr'><strong>sed</strong></span> <span class='ocrx_word' id='word_1_109' title='bbox 836 2177 968 2269; x_wconf 83' lang='lat' dir='ltr'><strong>vereri,</strong></span> <span class='ocrx_word' id='word_1_110' title='bbox 989 2204 1034 2251; x_wconf 89' lang='lat' dir='ltr'><strong>ne</strong></span> 
     </span>
    </p>

    <p class='ocr_par' dir='ltr' id='par_1_11' title="bbox 221 2293 1032 2393">
     <span class='ocr_line' id='line_1_18' title="bbox 221 2293 1032 2393; baseline -0.004 -21"><span class='ocrx_word' id='word_1_111' title='bbox 221 2314 297 2372; x_wconf 80' lang='lat' dir='ltr'><strong>n&#39;on</strong></span> <span class='ocrx_word' id='word_1_112' title='bbox 306 2294 477 2392; x_wconf 84' lang='lat' dir='ltr'><strong>perficere</strong></span> <span class='ocrx_word' id='word_1_113' title='bbox 489 2309 632 2390; x_wconf 83' lang='lat' dir='ltr'><strong>possent</strong></span> <span class='ocrx_word' id='word_1_114' title='bbox 648 2293 747 2393; x_wconf 87' lang='lat' dir='ltr'><strong>quod</strong></span> <span class='ocrx_word' id='word_1_115' title='bbox 762 2295 881 2368; x_wconf 88' lang='lat' dir='ltr'><strong>conati</strong></span> <span class='ocrx_word' id='word_1_116' title='bbox 894 2312 1032 2384; x_wconf 89' lang='lat' dir='ltr'><strong>essent;</strong></span> 
     </span>
    </p>

    <p class='ocr_par' dir='ltr' id='par_1_12' title="bbox 221 2411 1037 2508">
     <span class='ocr_line' id='line_1_19' title="bbox 221 2411 1037 2508; baseline -0.001 -20"><span class='ocrx_word' id='word_1_117' title='bbox 221 2413 357 2488; x_wconf 86' lang='lat' dir='ltr'><strong>multos</strong></span> <span class='ocrx_word' id='word_1_118' title='bbox 370 2411 551 2508; x_wconf 84' lang='lat' dir='ltr'><strong>adjutores</strong></span> <span class='ocrx_word' id='word_1_119' title='bbox 570 2411 716 2485; x_wconf 72' lang='lat' dir='ltr'><strong>Graeciae</strong></span> <span class='ocrx_word' id='word_1_120' title='bbox 735 2413 895 2502; x_wconf 88' lang='lat' dir='ltr'><strong>futuros,</strong></span> <span class='ocrx_word' id='word_1_121' title='bbox 914 2417 1037 2487; x_wconf 88' lang='lat' dir='ltr'><strong>Euro-</strong></span> 
     </span>
    </p>

    <p class='ocr_par' dir='ltr' id='par_1_13' title="bbox 221 2524 1036 2631">
     <span class='ocr_line' id='line_1_20' title="bbox 221 2524 1036 2631; baseline 0.006 -32"><span class='ocrx_word' id='word_1_122' title='bbox 221 2554 308 2631; x_wconf 82' lang='lat' dir='ltr'><strong>pam</strong></span> <span class='ocrx_word' id='word_1_123' title='bbox 327 2524 510 2599; x_wconf 86' lang='lat' dir='ltr'><strong>bellicosos</strong></span> <span class='ocrx_word' id='word_1_124' title='bbox 537 2528 699 2603; x_wconf 90' lang='lat' dir='ltr'><strong>homines</strong></span> <span class='ocrx_word' id='word_1_125' title='bbox 718 2529 872 2621; x_wconf 79' lang='lat' dir='ltr'><strong>habere,</strong></span> <span class='ocrx_word' id='word_1_126' title='bbox 904 2530 1036 2605; x_wconf 85' lang='lat' dir='ltr'><strong>Asiam</strong></span> 
     </span>
    </p>

    <p class='ocr_par' dir='ltr' id='par_1_14' title="bbox 221 2642 1034 2757">
     <span class='ocr_line' id='line_1_21' title="bbox 221 2642 1034 2757; baseline 0.004 -37"><span class='ocrx_word' id='word_1_127' title='bbox 221 2672 365 2745; x_wconf 84' lang='lat' dir='ltr'><strong>semper</strong></span> <span class='ocrx_word' id='word_1_128' title='bbox 377 2642 554 2718; x_wconf 86' lang='lat' dir='ltr'><strong>indesidia</strong></span> <span class='ocrx_word' id='word_1_129' title='bbox 566 2646 676 2722; x_wconf 76' lang='lat' dir='ltr'><strong>vitam</strong></span> <span class='ocrx_word' id='word_1_130' title='bbox 692 2645 870 2757; x_wconf 80' lang='lat' dir='ltr'><strong>exegisse,</strong></span> <span class='ocrx_word' id='word_1_131' title='bbox 884 2661 919 2722; x_wconf 88' lang='lat' dir='ltr'><strong>et</strong></span> <span class='ocrx_word' id='word_1_132' title='bbox 932 2647 980 2723; x_wconf 83' lang='lat' dir='ltr'><strong>ob</strong></span> <span class='ocrx_word' id='word_1_133' title='bbox 995 2648 1034 2723; x_wconf 88' lang='lat' dir='ltr'><strong>id</strong></span> 
     </span>
    </p>

    <p class='ocr_par' dir='ltr' id='par_1_15' title="bbox 221 2761 728 2846">
     <span class='ocr_line' id='line_1_22' title="bbox 221 2761 728 2846; baseline -0.008 -2"><span class='ocrx_word' id='word_1_134' title='bbox 221 2767 371 2844; x_wconf 69' lang='lat' dir='ltr'><strong>classem</strong></span> <span class='ocrx_word' id='word_1_135' title='bbox 385 2785 456 2846; x_wconf 83' lang='lat' dir='ltr'><strong>non</strong></span> <span class='ocrx_word' id='word_1_136' title='bbox 473 2764 613 2844; x_wconf 80' lang='lat' dir='ltr'><strong>habere.</strong></span> <span class='ocrx_word' id='word_1_137' title='bbox 723 2761 728 2769; x_wconf 78' lang='grc'><strong><em>’</em></strong></span> 
     </span>
    </p>
   </div>
   <div class='ocr_carea' id='block_1_3' title="bbox 0 0 1089 4132">
    <p class='ocr_par' dir='ltr' id='par_1_16' title="bbox 0 0 1089 4132">
     <span class='ocr_line' id='line_1_23' title="bbox 0 0 1089 4132; baseline 0 0"><span class='ocrx_word' id='word_1_138' title='bbox 0 0 1089 4132; x_wconf 95' lang='lat' dir='ltr'><strong> </strong></span> 
     </span>
    </p>
   </div>
  </div>
 </body>
</html>
