<?xml version="1.0" encoding="UTF-8"?>
<!DOCTYPE html PUBLIC "-//W3C//DTD XHTML 1.0 Transitional//EN"
    "http://www.w3.org/TR/xhtml1/DTD/xhtml1-transitional.dtd">
<html xmlns="http://www.w3.org/1999/xhtml" xml:lang="en" lang="en">
 <head>
  <title>
</title>
<meta http-equiv="Content-Type" content="text/html;charset=utf-8" />
  <meta name='ocr-system' content='tesseract 3.04.00' />
  <meta name='ocr-capabilities' content='ocr_page ocr_carea ocr_par ocr_line ocrx_word'/>
</head>
<body>
  <div class='ocr_page' id='page_1' title='image "./histoiredelague00daregoog_0281.png"; bbox 0 0 2160 4132; ppageno 0'>
   <div class='ocr_carea' id='block_1_1' title="bbox 323 393 944 500">
    <p class='ocr_par' dir='ltr' id='par_1_1' title="bbox 323 393 944 500">
     <span class='ocr_line' id='line_1_1' title="bbox 323 393 944 500; baseline -0.013 -20"><span class='ocrx_word' id='word_1_1' title='bbox 323 427 498 480; x_wconf 73' lang='grc'><strong>333333</strong></span> <span class='ocrx_word' id='word_1_2' title='bbox 528 426 580 476; x_wconf 76' lang='lat' dir='ltr'><strong>nu</strong></span> <span class='ocrx_word' id='word_1_3' title='bbox 607 425 760 476; x_wconf 73' lang='grc'><strong>33313.</strong></span> <span class='ocrx_word' id='word_1_4' title='bbox 870 393 944 500; x_wconf 70' lang='lat'><strong>269</strong></span> 
     </span>
    </p>
   </div>
   <div class='ocr_carea' id='block_1_2' title="bbox 83 540 948 2963">
    <p class='ocr_par' dir='ltr' id='par_1_2' title="bbox 83 540 945 873">
     <span class='ocr_line' id='line_1_2' title="bbox 83 540 942 635; baseline -0.013 -17"><span class='ocrx_word' id='word_1_5' title='bbox 83 553 92 563; x_wconf 90' lang='lat'>&#39;</span> <span class='ocrx_word' id='word_1_6' title='bbox 131 540 230 617; x_wconf 87' lang='lat' dir='ltr'><strong>venis</strong></span> <span class='ocrx_word' id='word_1_7' title='bbox 254 544 462 621; x_wconf 84' lang='lat' dir='ltr'><strong>ductoribus</strong></span> <span class='ocrx_word' id='word_1_8' title='bbox 487 542 695 615; x_wconf 86' lang='lat' dir='ltr'><strong>interfectos</strong></span> <span class='ocrx_word' id='word_1_9' title='bbox 716 564 790 612; x_wconf 88' lang='grc'><strong>3333</strong></span> <span class='ocrx_word' id='word_1_10' title='bbox 797 566 808 629; x_wconf 72' lang='lat'>5</span> <span class='ocrx_word' id='word_1_11' title='bbox 835 563 942 635; x_wconf 62' lang='lat' dir='ltr'><strong>mag-⁴</strong></span> 
     </span>
     <span class='ocr_line' id='line_1_3' title="bbox 132 649 945 769; baseline -0.006 -41"><span class='ocrx_word' id='word_1_12' title='bbox 132 683 198 729; x_wconf 91' lang='lat' dir='ltr'><strong>nos</strong></span> <span class='ocrx_word' id='word_1_13' title='bbox 222 657 506 769; x_wconf 80' lang='lat' dir='ltr'><strong>fortissimusque</strong></span> <span class='ocrx_word' id='word_1_14' title='bbox 533 649 649 729; x_wconf 90' lang='lat' dir='ltr'><strong>adhuc</strong></span> <span class='ocrx_word' id='word_1_15' title='bbox 674 669 798 728; x_wconf 85' lang='lat' dir='ltr'><strong>contra</strong></span> <span class='ocrx_word' id='word_1_16' title='bbox 825 668 942 744; x_wconf 77' lang='lat' dir='ltr'><strong>stare,</strong></span> <span class='ocrx_word' id='word_1_17' title='bbox 929 691 945 744; x_wconf 66' lang='lat'><strong>,‚</strong></span> 
     </span>
     <span class='ocr_line' id='line_1_4' title="bbox 133 754 944 873; baseline -0.009 -28"><span class='ocrx_word' id='word_1_18' title='bbox 133 762 472 873; x_wconf 70' lang='lat' dir='ltr'>Agamemnonem,</span> <span class='ocrx_word' id='word_1_19' title='bbox 492 766 735 864; x_wconf 79' lang='lat' dir='ltr'><strong>Menelaum,</strong></span> <span class='ocrx_word' id='word_1_20' title='bbox 744 754 944 873; x_wconf 54' lang='lat' dir='ltr'><strong>Neoptoief</strong></span> 
     </span>
    </p>

    <p class='ocr_par' dir='ltr' id='par_1_3' title="bbox 130 886 944 1106">
     <span class='ocr_line' id='line_1_5' title="bbox 132 886 944 986; baseline -0.007 -25"><span class='ocrx_word' id='word_1_21' title='bbox 132 914 259 982; x_wconf 90' lang='lat' dir='ltr'><strong>mum,</strong></span> <span class='ocrx_word' id='word_1_22' title='bbox 284 916 358 963; x_wconf 91' lang='grc'><strong>333</strong></span> <span class='ocrx_word' id='word_1_23' title='bbox 388 889 509 963; x_wconf 89' lang='lat' dir='ltr'><strong>minus</strong></span> <span class='ocrx_word' id='word_1_24' title='bbox 537 890 674 962; x_wconf 79' lang='lat' dir='ltr'><strong>fortem</strong></span> <span class='ocrx_word' id='word_1_25' title='bbox 699 907 808 986; x_wconf 87' lang='lat' dir='ltr'><strong>quam</strong></span> <span class='ocrx_word' id='word_1_26' title='bbox 839 886 944 982; x_wconf 65' lang='lat' dir='ltr'><strong>patei*</strong></span> 
     </span>
     <span class='ocr_line' id='line_1_6' title="bbox 130 1001 944 1109; baseline -0.006 -31"><span class='ocrx_word' id='word_1_27' title='bbox 130 1005 208 1104; x_wconf 87' lang='lat' dir='ltr'><strong>ejus</strong></span> <span class='ocrx_word' id='word_1_28' title='bbox 227 992 370 1100; x_wconf 83' lang='lat' dir='ltr'><strong>fuisset,</strong></span> <span class='ocrx_word' id='word_1_29' title='bbox 395 1006 588 1109; x_wconf 84' lang='lat' dir='ltr'><strong>Ulyssem,</strong></span> <span class='ocrx_word' id='word_1_30' title='bbox 608 1005 824 1095; x_wconf 84' lang='lat' dir='ltr'><strong>Nestorem,</strong></span> <span class='ocrx_word' id='word_1_31' title='bbox 848 1001 944 1074; x_wconf 91' lang='lat' dir='ltr'><strong>Dio·</strong></span> 
     </span>
    </p>

    <p class='ocr_par' dir='ltr' id='par_1_4' title="bbox 128 1120 948 2149">
     <span class='ocr_line' id='line_1_7' title="bbox 130 1120 948 1235; baseline -0.005 -41"><span class='ocrx_word' id='word_1_32' title='bbox 130 1122 296 1215; x_wconf 85' lang='lat' dir='ltr'><strong>medem,</strong></span> <span class='ocrx_word' id='word_1_33' title='bbox 327 1125 478 1226; x_wconf 85' lang='lat' dir='ltr'><strong>Ajacem</strong></span> <span class='ocrx_word' id='word_1_34' title='bbox 510 1124 689 1213; x_wconf 83' lang='lat' dir='ltr'><strong>Locrum,</strong></span> <span class='ocrx_word' id='word_1_35' title='bbox 721 1120 948 1235; x_wconf 67' lang='lat' dir='ltr'><strong>caeterosque</strong></span> 
     </span>
     <span class='ocr_line' id='line_1_8' title="bbox 131 1227 945 1338; baseline -0.004 -27"><span class='ocrx_word' id='word_1_36' title='bbox 131 1239 372 1338; x_wconf 87' lang='lat' dir='ltr'><strong>quamplures</strong></span> <span class='ocrx_word' id='word_1_37' title='bbox 390 1260 540 1314; x_wconf 76' lang='lat' dir='ltr'><strong>summae</strong></span> <span class='ocrx_word' id='word_1_38' title='bbox 556 1227 764 1338; x_wconf 84' lang='lat' dir='ltr'><strong>prudentiae.</strong></span> <span class='ocrx_word' id='word_1_39' title='bbox 778 1238 920 1315; x_wconf 83' lang='lat' dir='ltr'><strong>Contra</strong></span> <span class='ocrx_word' id='word_1_40' title='bbox 928 1260 945 1328; x_wconf 91' lang='lat'><strong>,·</strong></span> 
     </span>
     <span class='ocr_line' id='line_1_9' title="bbox 131 1352 940 1452; baseline -0.007 -24"><span class='ocrx_word' id='word_1_41' title='bbox 131 1355 309 1452; x_wconf 86' lang='lat' dir='ltr'><strong>Trojauos</strong></span> <span class='ocrx_word' id='word_1_42' title='bbox 325 1352 476 1443; x_wconf 82' lang='grc'><strong>3133333</strong></span> <span class='ocrx_word' id='word_1_43' title='bbox 473 1366 508 1428; x_wconf 83' lang='grc'><strong>31</strong></span> <span class='ocrx_word' id='word_1_44' title='bbox 521 1355 693 1428; x_wconf 80' lang='lat' dir='ltr'><strong>contritos</strong></span> <span class='ocrx_word' id='word_1_45' title='bbox 706 1376 794 1427; x_wconf 89' lang='lat' dir='ltr'><strong>esse</strong></span> <span class='ocrx_word' id='word_1_46' title='bbox 808 1352 940 1427; x_wconf 79' lang='lat' dir='ltr'><strong>Suadet</strong></span> 
     </span>
     <span class='ocr_line' id='line_1_10' title="bbox 131 1440 946 1569; baseline -0.002 -28"><span class='ocrx_word' id='word_1_47' title='bbox 131 1468 251 1567; x_wconf 85' lang='lat' dir='ltr'><strong>potius</strong></span> <span class='ocrx_word' id='word_1_48' title='bbox 260 1524 272 1560; x_wconf 93' lang='lat'><strong>,</strong></span> <span class='ocrx_word' id='word_1_49' title='bbox 289 1482 330 1541; x_wconf 92' lang='lat' dir='ltr'><strong>ut</strong></span> <span class='ocrx_word' id='word_1_50' title='bbox 346 1468 487 1541; x_wconf 86' lang='lat' dir='ltr'><strong>Helena</strong></span> <span class='ocrx_word' id='word_1_51' title='bbox 499 1469 572 1561; x_wconf 86' lang='lat' dir='ltr'><strong>his,</strong></span> <span class='ocrx_word' id='word_1_52' title='bbox 593 1484 629 1569; x_wconf 81' lang='grc'><strong>’31</strong></span> <span class='ocrx_word' id='word_1_53' title='bbox 643 1496 723 1568; x_wconf 84' lang='lat' dir='ltr'><strong>quae</strong></span> <span class='ocrx_word' id='word_1_54' title='bbox 736 1440 946 1542; x_wconf 70' lang='lat' dir='ltr'><strong>Alexaudei</strong></span> 
     </span>
     <span class='ocr_line' id='line_1_11' title="bbox 135 1576 941 1689; baseline -0.001 -34"><span class='ocrx_word' id='word_1_55' title='bbox 135 1576 280 1656; x_wconf 80' lang='lat' dir='ltr'><strong>abstulit</strong></span> <span class='ocrx_word' id='word_1_56' title='bbox 294 1584 490 1658; x_wconf 84' lang='lat' dir='ltr'><strong>reddantur</strong></span> <span class='ocrx_word' id='word_1_57' title='bbox 498 1640 511 1676; x_wconf 96' lang='lat'><strong>,</strong></span> <span class='ocrx_word' id='word_1_58' title='bbox 523 1599 559 1689; x_wconf 82' lang='lat' dir='ltr'><strong>et</strong></span> <span class='ocrx_word' id='word_1_59' title='bbox 576 1604 644 1681; x_wconf 86' lang='lat' dir='ltr'><strong>pax</strong></span> <span class='ocrx_word' id='word_1_60' title='bbox 658 1583 731 1657; x_wconf 83' lang='lat' dir='ltr'><strong>fiat.</strong></span> <span class='ocrx_word' id='word_1_61' title='bbox 745 1586 941 1682; x_wconf 81' lang='lat' dir='ltr'><strong>Postquam</strong></span> 
     </span>
     <span class='ocr_line' id='line_1_12' title="bbox 131 1699 939 1798; baseline -0.001 -25"><span class='ocrx_word' id='word_1_62' title='bbox 131 1700 245 1774; x_wconf 89' lang='lat' dir='ltr'><strong>multa</strong></span> <span class='ocrx_word' id='word_1_63' title='bbox 256 1702 362 1776; x_wconf 87' lang='lat' dir='ltr'><strong>verba</strong></span> <span class='ocrx_word' id='word_1_64' title='bbox 374 1701 418 1776; x_wconf 88' lang='lat' dir='ltr'><strong>de</strong></span> <span class='ocrx_word' id='word_1_65' title='bbox 428 1727 516 1798; x_wconf 83' lang='lat' dir='ltr'><strong>pace</strong></span> <span class='ocrx_word' id='word_1_66' title='bbox 525 1699 744 1776; x_wconf 83' lang='lat' dir='ltr'><strong>concilianda</strong></span> <span class='ocrx_word' id='word_1_67' title='bbox 755 1699 939 1792; x_wconf 81' lang='lat' dir='ltr'><strong>dixerunt,</strong></span> 
     </span>
     <span class='ocr_line' id='line_1_13' title="bbox 130 1804 940 1926; baseline -0.001 -34"><span class='ocrx_word' id='word_1_68' title='bbox 130 1820 244 1919; x_wconf 79' lang='lat' dir='ltr'><strong>surgit</strong></span> <span class='ocrx_word' id='word_1_69' title='bbox 270 1804 557 1926; x_wconf 86' lang='lat' dir='ltr'><strong>Amphimachus</strong></span> <span class='ocrx_word' id='word_1_70' title='bbox 580 1819 672 1891; x_wconf 86' lang='grc'><strong>111133</strong></span> <span class='ocrx_word' id='word_1_71' title='bbox 698 1817 832 1891; x_wconf 84' lang='lat' dir='ltr'><strong>Priami</strong></span> <span class='ocrx_word' id='word_1_72' title='bbox 852 1818 940 1893; x_wconf 56' lang='lat' dir='ltr'><strong>ado*</strong></span> 
     </span>
     <span class='ocr_line' id='line_1_14' title="bbox 128 1929 943 2034; baseline 0.002 -28"><span class='ocrx_word' id='word_1_73' title='bbox 128 1918 510 2009; x_wconf 82' lang='lat' dir='ltr'><strong>lescensfortissimus.</strong></span> <span class='ocrx_word' id='word_1_74' title='bbox 502 1929 943 2034; x_wconf 66' lang='lat' dir='ltr'><strong>marisqueverbisador«</strong></span> 
     </span>
     <span class='ocr_line' id='line_1_15' title="bbox 130 2036 941 2162; baseline 0.006 -40"><span class='ocrx_word' id='word_1_75' title='bbox 130 2065 188 2122; x_wconf 89' lang='lat' dir='ltr'><strong>tus</strong></span> <span class='ocrx_word' id='word_1_76' title='bbox 208 2064 261 2124; x_wconf 89' lang='lat' dir='ltr'><strong>est</strong></span> <span class='ocrx_word' id='word_1_77' title='bbox 277 2036 523 2162; x_wconf 78' lang='lat' dir='ltr'><strong>Auteuorem,</strong></span> <span class='ocrx_word' id='word_1_78' title='bbox 541 2066 577 2124; x_wconf 87' lang='lat' dir='ltr'><strong>et</strong></span> <span class='ocrx_word' id='word_1_79' title='bbox 591 2074 652 2124; x_wconf 87' lang='lat' dir='ltr'><strong>eos</strong></span> <span class='ocrx_word' id='word_1_80' title='bbox 673 2050 736 2149; x_wconf 90' lang='lat' dir='ltr'><strong>qui</strong></span> <span class='ocrx_word' id='word_1_81' title='bbox 756 2075 941 2127; x_wconf 88' lang='grc'><strong>33333333</strong></span> 
     </span>
    </p>

    <p class='ocr_par' dir='ltr' id='par_1_5' title="bbox 130 2163 939 2265">
     <span class='ocr_line' id='line_1_16' title="bbox 130 2163 939 2265; baseline 0.003 -28"><span class='ocrx_word' id='word_1_82' title='bbox 130 2179 230 2256; x_wconf 86' lang='lat' dir='ltr'><strong>rant,</strong></span> <span class='ocrx_word' id='word_1_83' title='bbox 251 2163 436 2262; x_wconf 87' lang='lat' dir='ltr'><strong>increpare</strong></span> <span class='ocrx_word' id='word_1_84' title='bbox 445 2218 458 2265; x_wconf 93' lang='lat'><strong>,</strong></span> <span class='ocrx_word' id='word_1_85' title='bbox 483 2165 648 2264; x_wconf 88' lang='lat' dir='ltr'><strong>factaque</strong></span> <span class='ocrx_word' id='word_1_86' title='bbox 663 2188 791 2239; x_wconf 89' lang='lat' dir='ltr'><strong>eorum</strong></span> <span class='ocrx_word' id='word_1_87' title='bbox 801 2166 939 2264; x_wconf 84' lang='lat' dir='ltr'><strong>coepit,-</strong></span> 
     </span>
    </p>

    <p class='ocr_par' dir='ltr' id='par_1_6' title="bbox 129 2279 941 2737">
     <span class='ocr_line' id='line_1_17' title="bbox 129 2279 939 2380; baseline 0.005 -25"><span class='ocrx_word' id='word_1_88' title='bbox 129 2297 166 2355; x_wconf 90' lang='lat' dir='ltr'><strong>et</strong></span> <span class='ocrx_word' id='word_1_89' title='bbox 180 2280 328 2356; x_wconf 86' lang='lat' dir='ltr'><strong>suadere</strong></span> <span class='ocrx_word' id='word_1_90' title='bbox 345 2281 465 2380; x_wconf 87' lang='lat' dir='ltr'><strong>potius</strong></span> <span class='ocrx_word' id='word_1_91' title='bbox 479 2280 638 2356; x_wconf 87' lang='lat' dir='ltr'><strong>exercitu</strong></span> <span class='ocrx_word' id='word_1_92' title='bbox 649 2279 887 2379; x_wconf 85' lang='lat' dir='ltr'><strong>irruptionem</strong></span> <span class='ocrx_word' id='word_1_93' title='bbox 901 2284 939 2359; x_wconf 90' lang='grc'><strong>13</strong></span> 
     </span>
     <span class='ocr_line' id='line_1_18' title="bbox 130 2397 941 2499; baseline 0 -26"><span class='ocrx_word' id='word_1_94' title='bbox 130 2411 243 2473; x_wconf 84' lang='lat' dir='ltr'><strong>castra</strong></span> <span class='ocrx_word' id='word_1_95' title='bbox 270 2397 409 2490; x_wconf 85' lang='lat' dir='ltr'><strong>facere,</strong></span> <span class='ocrx_word' id='word_1_96' title='bbox 436 2420 549 2499; x_wconf 89' lang='lat' dir='ltr'><strong>usque</strong></span> <span class='ocrx_word' id='word_1_97' title='bbox 574 2400 662 2472; x_wconf 88' lang='lat' dir='ltr'><strong>dum</strong></span> <span class='ocrx_word' id='word_1_98' title='bbox 684 2398 848 2493; x_wconf 80' lang='lat' dir='ltr'><strong>vineant,</strong></span> <span class='ocrx_word' id='word_1_99' title='bbox 878 2412 941 2475; x_wconf 86' lang='lat' dir='ltr'><strong>aut</strong></span> 
     </span>
     <span class='ocr_line' id='line_1_19' title="bbox 129 2502 941 2627; baseline 0.004 -37"><span class='ocrx_word' id='word_1_100' title='bbox 129 2514 212 2590; x_wconf 88' lang='lat' dir='ltr'><strong>victi</strong></span> <span class='ocrx_word' id='word_1_101' title='bbox 224 2541 292 2615; x_wconf 87' lang='lat' dir='ltr'><strong>pro</strong></span> <span class='ocrx_word' id='word_1_102' title='bbox 310 2516 424 2615; x_wconf 89' lang='lat' dir='ltr'><strong>patria</strong></span> <span class='ocrx_word' id='word_1_103' title='bbox 440 2504 668 2593; x_wconf 84' lang='lat' dir='ltr'><strong>occumbant.</strong></span> <span class='ocrx_word' id='word_1_104' title='bbox 689 2502 921 2627; x_wconf 84' lang='lat' dir='ltr'><strong>Postquam</strong></span> <span class='ocrx_word' id='word_1_105' title='bbox 908 2534 941 2593; x_wconf 83' lang='lat' dir='ltr'><strong>rs&#39;</strong></span> 
     </span>
     <span class='ocr_line' id='line_1_20' title="bbox 131 2633 939 2737; baseline 0.01 -33"><span class='ocrx_word' id='word_1_106' title='bbox 131 2633 241 2707; x_wconf 85' lang='lat' dir='ltr'><strong>tinem</strong></span> <span class='ocrx_word' id='word_1_107' title='bbox 254 2635 359 2726; x_wconf 86' lang='lat' dir='ltr'><strong>feeit,</strong></span> <span class='ocrx_word' id='word_1_108' title='bbox 373 2637 505 2710; x_wconf 88' lang='lat' dir='ltr'><strong>AEneas</strong></span> <span class='ocrx_word' id='word_1_109' title='bbox 519 2636 696 2737; x_wconf 81' lang='lat' dir='ltr'><strong>exsurgit,</strong></span> <span class='ocrx_word' id='word_1_110' title='bbox 712 2634 852 2710; x_wconf 88' lang='lat' dir='ltr'><strong>lembus</strong></span> <span class='ocrx_word' id='word_1_111' title='bbox 864 2657 939 2712; x_wconf 80' lang='lat' dir='ltr'><strong>mt</strong></span> 
     </span>
    </p>

    <p class='ocr_par' dir='ltr' id='par_1_7' title="bbox 128 2735 940 2963">
     <span class='ocr_line' id='line_1_21' title="bbox 128 2735 940 2850; baseline 0.014 -30"><span class='ocrx_word' id='word_1_112' title='bbox 128 2748 296 2845; x_wconf 77' lang='lat' dir='ltr'><strong>libusque</strong></span> <span class='ocrx_word' id='word_1_113' title='bbox 308 2748 425 2821; x_wconf 89' lang='lat' dir='ltr'><strong>verbis</strong></span> <span class='ocrx_word' id='word_1_114' title='bbox 437 2751 587 2842; x_wconf 84' lang='lat' dir='ltr'><strong>refutat,</strong></span> <span class='ocrx_word' id='word_1_115' title='bbox 600 2777 728 2850; x_wconf 83' lang='lat' dir='ltr'><strong>pacem</strong></span> <span class='ocrx_word' id='word_1_116' title='bbox 740 2753 784 2826; x_wconf 85' lang='lat' dir='ltr'><strong>ab</strong></span> <span class='ocrx_word' id='word_1_117' title='bbox 798 2735 940 2850; x_wconf 69' lang='lat' dir='ltr'><strong>Argivis</strong></span> 
     </span>
     <span class='ocr_line' id='line_1_22' title="bbox 128 2863 586 2963; baseline 0.004 -27"><span class='ocrx_word' id='word_1_118' title='bbox 128 2863 205 2962; x_wconf 79' lang='lat' dir='ltr'><strong>petr</strong></span> <span class='ocrx_word' id='word_1_119' title='bbox 217 2888 438 2963; x_wconf 84' lang='lat' dir='ltr'><strong>magnopere</strong></span> <span class='ocrx_word' id='word_1_120' title='bbox 452 2864 586 2940; x_wconf 87' lang='lat' dir='ltr'><strong>suadet</strong></span> 
     </span>
    </p>
   </div>
   <div class='ocr_carea' id='block_1_3' title="bbox 0 0 1084 4132">
    <p class='ocr_par' dir='ltr' id='par_1_8' title="bbox 0 0 1084 4132">
     <span class='ocr_line' id='line_1_23' title="bbox 0 0 1084 4132; baseline 0 0"><span class='ocrx_word' id='word_1_121' title='bbox 0 0 1084 4132; x_wconf 95' lang='lat' dir='ltr'><strong> </strong></span> 
     </span>
    </p>
   </div>
  </div>
 </body>
</html>
