2160 4132
316 406 493 459 ounnns
522 409 574 457 nn
601 409 748 458 rnorr.
867 408 937 480 277

131 518 236 594 Tunc
249 519 420 619 placitum
436 536 489 595 est
501 521 670 594 omnibus
682 537 722 593 ut
736 521 823 594 fides
836 500 946 592 dare·

131 650 191 708 tur
208 652 244 711 et
265 637 500 737 jurejurando
518 637 805 728 confirmaretur,
827 638 941 708 Ante-

128 753 231 847 nori,
257 756 398 848 AEneae,
423 753 645 856 Ucalegoni,
671 753 941 854 Polydamanti,

131 871 288 965 Doloni,
306 871 449 972 suisque
469 872 693 974 parentibus,
716 869 836 944 liberis
854 895 944 943 con·-
964 937 967 941 .

131 987 348 1088 jugibusque
376 1002 411 1062 et
436 987 710 1089 consanguineis
731 983 944 1085 propinquis

135 1119 170 1176 et
188 1104 311 1179 amicis
330 1104 393 1204 qui
406 1133 476 1178 una
495 1106 760 1204 conjurassent,
774 1102 944 1177 omnihus

131 1221 240 1294 fidem
270 1223 449 1318 praestari,
474 1249 609 1322 suaque
633 1221 755 1295 omnia
780 1240 883 1295 sacra·
908 1233 944 1291 et

103 1416 104 1421 ἵ
130 1333 436 1410 hona-incolumia
453 1339 584 1411 habere
602 1337 716 1410 liceat.
737 1343 822 1435 Hoc
837 1351 943 1434 pacto

135 1450 361 1542 consumam,
377 1467 412 1524 et
421 1452 658 1549 jurejurando
672 1451 853 1544 adstricto,
867 1478 947 1523 sua·

137 1565 197 1636 det
212 1566 447 1666 Polydamas,
465 1582 573 1641 noctu
589 1567 785 1640 exercitum
799 1568 843 1639 ad
856 1592 953 1663 por·.

137 1697 211 1754 tarn
235 1685 366 1756 Scaeam
382 1698 421 1754 nt
434 1683 633 1775 adducant,
656 1683 717 1755 ubi
730 1682 946 1765 extrinsecus

136 1814 243 1896 caput
253 1799 335 1898 equi
348 1800 484 1898 pictum
498 1816 549 1873 est
556 1857 569 1894 ,
581 1799 630 1872 ibi
644 1799 802 1897 praesidia
815 1799 946 1872 habere

135 1931 245 1989 noctu
264 1918 488 1990 Antenorem
511 1944 594 1991 curn
616 1915 790 2008 Anchise,
812 1914 946 1990 exerci-

135 2047 264 2128 tusque
282 2047 389 2105 noctu
403 2047 546 2126 portam
564 2049 801 2124 reseraturoe,
823 2033 944 2130 eisque

137 2144 262 2218 lumen
287 2145 500 2241 prolaturos.
525 2147 565 2218 ld
588 2148 731 2246 signum
750 2147 947 2242 eruptionis
975 2233 979 2239 ‚

138 2260 231 2352 fore,
241 2260 339 2359 quod
348 2259 397 2333 ibi
405 2274 532 2358 praesto
546 2261 664 2336 forent
676 2261 738 2362 qui
751 2261 796 2336 ad
809 2261 945 2363 regiam

138 2400 199 2450 eos
212 2375 354 2451 ducant.

372 2795 564 2862 CAPUT
603 2798 714 2865 XLI.

191 2969 396 3050 Posrounn
409 2980 510 3061 pacta
519 2946 949 3072 confirmatasunt,Poly-

144 3085 267 3156 damas
280 3081 317 3153 in
330 3080 505 3179 oppidum
520 3083 626 3178 redit,
643 3084 736 3160 facta
749 3089 948 3183 renunciat,

141 3186 226 3273 dicit
241 3198 417 3274 Antenori
433 3214 468 3273 et
484 3202 607 3275 AEneae
616 3258 628 3294 ,
641 3202 846 3304 caeterisque
866 3207 949 3307 qui-

90 3352 93 3359 *
140 3319 291 3392 boscum
314 3332 433 3390 actum
459 3334 553 3412 erat,
580 3335 619 3392 ut
644 3346 726 3393 suos
750 3348 875 3407 omnes
902 3325 948 3399 ad

140 3438 272 3549 Scaeam
293 3450 437 3541 portam
463 3436 659 3541 adducant,
683 3454 793 3543 noctu
814 3443 948 3517 Seaearn
