2160 4132
263 282 443 329 eusxnn
472 283 707 331 pannosa.
814 250 885 350 257

252 450 456 533 crpus
492 422 713 523 xxxiv.

130 622 289 697 lineum
303 639 431 698 moesta
443 623 543 724 quod
558 623 630 695 duo
646 622 709 694 lilii
721 624 798 722 ejus
811 623 891 697 fo'r-

82 736 207 812 tissimi
228 743 368 816 Hector
389 756 426 816 et
446 740 590 816 Troilus
609 740 654 812 ab
674 739 813 817 Achille
830 738 889 813 iti-

82 856 222 933 terfecti
240 876 375 953 essent,
390 854 577 934 consilium
593 857 769 931 muliebre
783 845 893 932 teme·

82 973 217 1049 sarium
233 976 329 1070 iniit,
351 977 396 1050 ad
412 974 579 1050 dolorem
601 998 706 1048 suum
720 975 893 1049 ulciscen-

82 1092 183 1166 dum.
197 1093 454 1168 Alexandrum
475 1093 589 1167 lilium
604 1093 768 1185 accersit,
790 1080 892 1185 orat,

82 1206 265 1301 hortatur,
287 1223 330 1281 ut
342 1236 380 1282 se
393 1226 429 1283 et
447 1234 529 1282 snos
542 1209 669 1282 fratres
685 1190 891 1301 ulciscatur,

83 1322 227 1396 insidias
249 1324 378 1398 Achilli
401 1318 529 1421 facist,¹
553 1339 588 1398 et'
611 1344 697 1399 eum
719 1352 787 1399 nec
810 1322 893 1421 opi-

84 1451 232 1512 nantem
253 1438 392 1514 occidat
407 1472 416 1512 a
432 1439 605 1540 quoniam
621 1442 665 1514 'sd
675 1466 716 1515 se
732 1439 893 1535 miserit,

86 1572 122 1631 et
138 1557 317 1658 rogaverit
328 1568 369 1632 ut
383 1557 449 1631 sibi
461 1540 641 1659 Polyxena
654 1558 693 1630 in
706 1556 896 1631 matrimo-

84 1671 145 1746 nio
167 1673 333 1768 daretur,
346 1674 383 1748 se
401 1675 446 1747 ad
459 1700 543 1747 eum
557 1675 746 1748 missuram
759 1671 897 1747 Priami
924 1753 927 1760 ,

83 1789 220 1882 verbis,
239 1805 281 1863 ut
300 1816 427 1888 pacem
451 1791 637 1891 foedusque
654 1790 750 1865 inter
767 1812 804 1863 se
827 1787 896 1861 tire
959 1781 961 1786 ’

84 1922 207 1997 nient,
231 1908 518 2006 constituantque
543 1908 580 1979 in
605 1911 689 1981 fano
716 1902 894 2003 Apollinis

86 2019 315 2121 Thymbraei,
340 2036 421 2091 unte
443 2036 585 2116 portam
611 2053 619 2094 a
643 2047 689 2095 eo
714 2020 892 2094 Achillem

86 2130 309 2229 venturum}
338 2128 599 2212 collocuturum
630 2168 638 2209 :
672 2135 723 2210 ibi
750 2135 894 2208 insidias

86 2252 252 2328 collocari
271 2284 279 2325 :
296 2249 380 2326 satis
401 2253 481 2329 vitae
498 2278 568 2327 suae
589 2278 663 2328 esse
680 2251 810 2325 sicum
832 2274 910 2326 oc-‘

86 2369 223 2444 ciderit.
238 2371 347 2470 Qtrod
360 2372 568 2445 temerarius
581 2369 785 2446 Alexander
798 2384 894 2461 erat,

85 2485 156 2560 cito
167 2513 204 2561 se
217 2486 382 2584 promisit
399 2488 592 2562 facturum.
617 2488 737 2560 Noctu
752 2486 894 2560 ducun-

86 2619 145 2676 tur
178 2604 222 2674 de
253 2603 409 2692 exercitu
436 2604 639 2692 fortissimi,
668 2618 703 2674 et
735 2603 772 2671 iu
808 2604 894 2673 fano

87 2715 263 2813 Apollinis
277 2715 517 2788 collocantur:
538 2717 680 2816 signum
702 2713 891 2809 accipiunt.

87 2831 238 2905 Hecuba
254 2831 299 2903 ad
319 2829 519 2922 Achillem,
540 2826 672 2902 Priami
692 2828 829 2922 verbis,
845 2831 895 2903 si-

86 2947 160 3024 cuti
173 2948 398 3041 condixerat,
415 2947 585 3022 nuncium
600 2946 722 3019 mittit.
739 2947 895 3022 Achilles

85 3066 183 3140 lr-ntus
205 3065 423 3167 Polyxenam
447 3091 589 3156 aurens,
608 3078 749 3160 postera
768 3063 825 3137 die
848 3066 894 3138 ad

85 3184 210 3257 fanum
233 3208 270 3256 se
292 3196 483 3257 venturum
510 3179 702 3256 constituit.
730 3183 775 3254 Et
798 3181 895 3257 inse-

42 3305 43 3310 ’
86 3299 208 3402 quenti
225 3299 280 3374 die
293 3299 579 3373 cumAntilocho
591 3297 663 3372 filio
677 3299 839 3373 Nestoris
849 3301 894 3374 ad
998 3308 1007 3325 '
