2160 4132
127 282 198 354 206
293 306 482 365 ,evenne
511 313 566 356 nn
594 274 745 358 Tiora.

346 483 536 551 orror
570 485 710 551 xvir.
762 540 764 545 .
814 563 817 570 ,

173 649 467 752 Iuranuaiegati
490 651 588 724 missi
607 652 653 725 ad
665 651 860 728 Priamum
883 683 940 734 ve·

126 766 257 841 niunt:
280 768 428 869 Ulysses
447 769 734 869 Agamemnonis
754 773 870 845 verba
888 802 941 851 re·

128 884 221 978 fert,
238 886 394 983 postulat
413 902 453 958 ut
470 887 611 959 Helena
630 901 664 961 et
678 887 799 985 praeda
814 892 940 965 redda-

115 1017 205 1094 tur,
224 1002 376 1101 satisque
397 1003 459 1075 fiat
481 1003 576 1102 regi,
598 1017 639 1108 ut
658 1003 808 1100 pacifice
828 1007 939 1082 disce-

120 1119 224 1190 ·dant.
260 1118 423 1191 Priamus
455 1119 601 1218 injn'rias
639 1122 936 1219 Argonautarum

129 1251 410 1327 commemorat,
442 1236 552 1333 patris
577 1235 783 1328 interitum,
821 1240 939 1339 Trojae

132 1353 453 1454 expugnationem,
472 1368 507 1426 et
524 1352 692 1426 Hesionae
712 1355 850 1428 sororis
870 1383 943 1430 ser-

131 1469 295 1545 vitutem.
327 1470 492 1571 Denique
524 1473 749 1543 Antenorem
779 1471 943 1573 legatum

134 1615 248 1688 quum
280 1588 444 1683 miserit,
477 1615 585 1689 quam
612 1587 871 1665 contumeliose
896 1593 944 1665 ab

134 1704 184 1776 eis
196 1719 364 1776 tractatus
383 1704 438 1775 sit.
459 1708 588 1779 Pacem
605 1703 792 1802 repudiat,
805 1705 941 1779 bellum

134 1817 277 1908 indicit,
298 1820 506 1891 Graecorum
527 1819 662 1920 legatos
675 1821 719 1893 de
738 1819 872 1895 finibus
883 1850 942 1896 re-

119 1918 217 2032 *pelli
236 1935 347 2034 jubet.
366 1938 492 2038 Legati
513 1938 550 2010 in
568 1953 678 2035 castra
692 1939 869 2013 Tenedon
882 1968 944 2014 re-

134 2069 341 2148 vertuntur,
359 2056 606 2132 renunciantes
626 2080 851 2153 responsum.
870 2061 945 2134 Res

134 2171 297 2248 consultu
310 2172 456 2276 geritur.

353 2859 538 2930 CAPUT
572 2858 724 2931 XVIII.

187 3027 377 3098 Annnnur
410 3042 494 3092 vero
525 3014 569 3085 ad
601 3009 771 3086 auxilium
798 2999 944 3078 Priamo

140 3141 303 3214 ductores
316 3138 349 3209 hi
363 3164 444 3210 cnm
459 3130 669 3208 exercitibus
682 3127 772 3219 suis,
787 3144 944 3224 quorum

141 3257 287 3331 nomina
320 3270 354 3326 et
380 3249 576 3350 provincias
610 3242 837 3320 insinuandas
870 3261 946 3337 esse

140 3373 318 3450 duximus.
334 3375 388 3448 De
407 3370 506 3446 Zelia
519 3367 720 3459 Pandarus,
738 3356 948 3458 Amphion,
