2160 4132
245 361 433 410 euuaau
460 359 516 406 na
543 359 693 410 raom.
738 353 740 358 ·
803 355 897 431 209v

62 475 249 550 Adrastus.
268 479 323 550 De
344 473 591 571 Colophonia,
613 475 784 570 Mopsus,
805 473 877 545 Ca·-

62 619 139 687 res,
162 595 313 687 Nastes,
339 583 638 689 Amphimachus.
662 594 718 664 Da
741 589 874 691 Lycia,
914 681 918 684 q

12 806 16 815 Ι
66 709 271 806 Sarpedon,
291 708 459 789 Glaucus.
480 711 538 783 De
556 707 712 798 Larissa,
734 705 878 804 Hippo-

59 828 399 924 ·thousetCopesus,
413 829 467 900 De
475 824 624 900 Ciconia
631 879 644 918 ,
657 814 875 921 Euphemes.

67 946 123 1019 De
140 944 312 1037 Thracia,
330 949 446 1046 Pyrus
459 960 495 1016 et
508 945 674 1017 Acamas.
698 939 880 1038 Antiphus
940 972 945 980 ’

67 1076 103 1136 et
119 1061 287 1136 Mesthles
300 1062 345 1135 de
356 1046 524 1140 Maeotiis.
537 1057 711 1132 Ascanius
724 1072 760 1131 et
771 1057 882 1130 Phor·

67 1204 143 1278 cys*
158 1179 203 1252 de
228 1177 392 1253 Ascania.
420 1181 475 1252 De
493 1170 740 1277 Paphlagonia
759 1173 880 1276 P-ylae-

45 1366 48 1371 .
66 1321 203 1368 menes.
222 1299 278 1375 De
292 1295 477 1390 AEthiopia
494 1296 617 1366 Perses
632 1309 669 1366 et
686 1293 876 1367 Memnon.

67 1414 124 1485 De
148 1409 300 1487 Thracia
321 1409 461 1486 Rhesus
479 1420 523 1481 et
548 1404 796 1490 Archilochus.
825 1411 880 1482 De

70 1525 236 1619 Adrestia
245 1579 257 1618 ,
275 1523 449 1603 Adrastus
463 1540 497 1598 et
520 1522 712 1621 Amphiua
735 1526 790 1597 De
805 1520 882 1597 Ali-

70 1643 200 1737 zonia,
228 1639 476 1741 Epistrophus.
512 1641 582 1715 His
611 1639 819 1715 duc-toribus
835 1655 883 1725 et

69 1761 308 1854 exercitibus,
347 1759 410 1860 qui
440 1760 685 1858 parabantur,
724 1757 883 1859 praefeeit

67 1879 230 1968 Priamus
254 1876 435 1976 prinsipes
460 1893 496 1952 et
523 1878 711 1971 duetores,
739 1879 881 1952 Hecto⁴

68 2024 168 2090 rem,
192 1995 446 2091 Deiphobum,
471 1995 742 2087 Alexandrum,
770 1997 882 2071 Troi-

70 2115 168 2204 lum,
191 2113 365 2199 AEneam,
385 2113 635 2214 Memnonem.
662 2115 760 2183 Dum
781 2115 883 2212 Aga·

65 2243 250 2304 ‘memnon
270 2223 422 2303 consulit
444 2226 489 2300 de
505 2241 585 2335 tota
606 2247 668 2320 re,
683 2252 727 2301 ex
746 2230 883 2304 Cormo

72 2346 214 2424 advenit
244 2342 391 2442 Nauplii
423 2343 514 2417 filius
542 2344 767 2440 Palamedes,
798 2363 884 2423 eum
958 2382 960 2385 ·

70 2463 219 2540 navihus
233 2460 377 2562 triginta
396 2491 403 2531 :
419 2461 477 2535 ille
490 2487 527 2536 se
540 2462 718 2538 excusavit
725 2518 738 2556 ,
752 2465 883 2541 morbo

71 2585 239 2658 affectum
264 2579 423 2657 Athenas
449 2580 571 2656 venire
594 2607 669 2654 non
690 2580 880 2680 potuisse:

72 2726 136 2798 qm
126 2695 361 2786 advenerit,
382 2722 501 2794 quum
527 2698 689 2791 primum
711 2699 882 2825 potuerit.

74 2811 213 2888 Gratias
235 2823 367 2911 agunt,
391 2825 594 2909 rogantque
611 2794 696 2884 euni
713 2810 750 2884 in
770 2811 887 2887 consi-

74 2929 224 3005 lioesse

305 3104 494 3174 CAPUT
530 3107 652 3175 XIX.

123 3279 277 3350 Damna
298 3302 412 3376 quum
431 3276 575 3377 Argivis
596 3303 670 3352 non
686 3289 884 3380 constaret,

75 3395 278 3470 exeundum
294 3394 338 3468 ad
355 3395 511 3497 Trojam'
525 3396 618 3472 clam
638 3413 748 3475 noctu
764 3428 809 3474 an
826 3401 886 3489 in-
