2160 4132
185 365 242 465 ,54
380 384 555 436 sunnun
581 391 635 437 nn
665 390 816 440 raom.

190 498 372 580 venerari:
388 500 506 577 solum
524 502 660 606 quippe
674 504 840 580 omnium
861 505 1010 582 eredere

191 632 377 696 auctorem
395 622 492 720 pacis
509 622 610 725 ejus,
627 624 800 731 coitusque
812 652 897 701 cum
908 627 1008 702 Grae-

184 734 241 812 eis
252 737 431 816 amicitiae.
453 745 507 818 lta
523 742 640 843 sopito
658 744 733 844 jam
747 744 874 821 exinde
887 743 1004 836 bello,

187 856 322 955 passdn
335 861 389 936 uti
396 862 548 964 quisque
554 861 714 960 partium
722 862 897 956 voluerat,
906 888 1005 937 nunc

188 972 314 1051 Graeci
325 1003 409 1053 cum
427 974 597 1074 Trojanis
605 1030 619 1069 ,
646 986 839 1076 rursusque
854 978 891 1048 hi
905 978 1003 1076 apud

187 1115 296 1168 naves
311 1091 426 1166 amice
440 1118 559 1191 agere.
574 1091 724 1164 Interim
738 1089 801 1163 ubi
815 1089 931 1165 foedus
949 1092 1002 1164 in-

187 1220 408 1303 tervenerat,
429 1207 548 1284 cuncti
570 1210 815 1285 Barbarorum
833 1207 919 1282 socii
937 1207 1001 1309 qui

185 1320 280 1399 bello
290 1325 424 1401 residui
434 1343 553 1423 erant,
568 1325 785 1430 gratulantes
796 1325 1000 1401 interventu

185 1441 283 1540 pacis
310 1443 357 1517 ad
381 1468 463 1517 suos
487 1444 692 1538 discedunt,
710 1470 756 1519 ne
772 1442 1002 1546 opperientes

109 1606 112 1611 ·
187 1559 336 1663 quidem
368 1562 514 1663 praemia
539 1576 725 1637 tantorum
750 1559 998 1637 discriminum

187 1693 296 1778 atque
309 1705 551 1754 erumnarum
558 1735 571 1772 ,
585 1678 717 1755 scilicet
727 1678 852 1772 veriti,
867 1704 1005 1781 nequa.

186 1789 281 1896 pacti
292 1793 380 1884 fides
390 1795 487 1898 apud
498 1795 673 1878 Barbaros
686 1786 949 1877 dtssolveraur.

438 2566 632 2639 CAPUT
664 2566 741 2640 XI.

231 2746 400 2821 lnrrnru
420 2742 517 2842 apud
537 2768 664 2839 naves,
688 2743 742 2817 uti
757 2743 901 2818 Heleno
914 2724 998 2842 'pia-

181 2878 330 2957 suerat,
362 2886 476 2963 equus
506 2862 672 2936 tabulatis
706 2860 898 2937 exstruitur
927 2886 997 2959 per
1063 2880 1067 2886 ·

179 2983 321 3080 Epeum
331 2979 669 3080 fabr1eat0reme1us
680 3005 818 3080 opens
830 2978 997 3054 cu1ed1t0

178 3097 219 3173 in
250 3098 497 3188 immensum,
527 3095 600 3168 ima
633 3124 711 3199 quae
742 3098 809 3171 sub
842 3094 997 3199 pedibus

71 3268 73 3275 .
176 3227 299 3306 want,
316 3210 403 3285 rotis
416 3209 632 3311 interpositis
649 3216 904 3320 suspenderat,
928 3209 998 3286 sci·

174 3332 257 3410 licet
285 3355 359 3432 quo
384 3344 538 3405 attractu
563 3349 685 3408 motus
709 3323 847 3410 facilius
872 3333 995 3405 foret:

152 3505 154 3508 ψ
175 3475 286 3552 quem
299 3446 420 3525 offerri
431 3447 571 3529 denum
581 3452 754 3531 Mineruae
767 3448 997 3541 maximum,
