2160 4132
156 418 158 422 -
209 373 281 444 226
385 392 568 442 ounnnn
597 390 651 439 nr
679 390 845 439 rnorn.

207 507 320 600 derit,
334 521 370 580 et
387 509 587 581 Hectorem
610 502 698 580 velle
717 503 947 603 inpuguam
960 528 1044 603 pro·

209 624 306 718 dire,
331 652 398 700 nec
420 649 524 722 posse
546 621 710 721 projecto
737 619 784 694 ad
810 647 939 722 genua
954 623 1032 703 filio

208 769 274 817 suo
295 743 466 819 revocari.
480 741 644 815 Priamus
659 765 788 813 omnes
808 737 848 813 iu
861 766 1027 845 pugnam

211 862 358 962 prodire
367 861 489 962 jussit,
501 875 536 936 et
545 861 745 934 Hectorem
756 856 922 932 retinuit.
939 862 1029 963 Aga-

213 1005 407 1072 memnon,
421 976 638 1069 Diomedes,
653 973 832 1068 Achilles,
850 976 952 1076 Ajax
964 981 1027 1053 Lo

212 1126 314 1191 crus,
335 1113 375 1170 ut
396 1095 517 1172 videre
532 1098 732 1169 Hectorem
752 1119 827 1168 non
846 1094 1026 1193 prodisse,

213 1216 343 1290 acriter
372 1228 650 1315 pugnaverunt,
681 1212 888 1312 multosque
916 1211 1028 1286 duces

214 1331 459 1431 Trojanorum
470 1330 689 1404 occiderunt.
699 1331 841 1402 Hector
848 1329 1027 1405 utaudivit

217 1448 414 1523 tumultum
429 1447 466 1520 in
480 1447 595 1540 bello,
608 1463 643 1520 et
654 1445 728 1519 sine
740 1471 777 1520 se
791 1447 975 1547 Trojanos
986 1447 1028 1519 la·

218 1568 363 1660 horare,
375 1564 724 1664 prosiliitinbcllum.
736 1563 943 1667 Statimque
952 1566 1029 1664 Ejo·

219 1715 331 1761 neum
344 1682 909 1781 obtruncat,lphinoumsauciat,
918 1687 1030 1759 Leon·

208 1821 319 1878 teum
331 1802 478 1894 occidit,
496 1800 652 1876 Stheneli
664 1801 785 1875 femur
795 1801 915 1902 jaculo
928 1802 1029 1904 figit,

215 1945 326 2020 quem
339 1910 380 1990 ut
393 1915 547 1991 Achilles
557 1918 711 2016 respexit
722 1933 758 1992 et
768 1933 823 1993 tot
835 1918 1030 2025 acerrimos

218 2037 325 2111 duces
336 2037 381 2109 ab
394 2062 438 2110 eo
457 2035 684 2131 interfectos,
698 2035 863 2110 animum
878 2036 916 2111 in
927 2036 1028 2112 illum

218 2154 408 2256 dirigebat,
416 2153 644 2230 utilliobvius
653 2153 765 2231 fieret.
772 2154 1029 2230 Consideruhat

216 2274 314 2348 enim
333 2273 511 2370 Achilles,
529 2273 597 2347 nisi
611 2275 811 2350 Hectorem
828 2273 1028 2368 occideret,

214 2392 335 2488 plures
348 2392 392 2464 de
404 2394 612 2466 Graecorum
628 2417 782 2465 numero
793 2392 872 2492 ejus
882 2392 1027 2467 dextera

213 2509 403 2602 perituros.
428 2506 543 2580 Multa
563 2507 674 2580 millia
687 2508 875 2583 hominum
887 2507 1029 2585 intereo

213 2620 446 2695 trucidantur.
458 2621 1030 2721 Acrepraeliumcolliditur.Hec-

213 2754 273 2814 tor
284 2741 511 2842 Polypoetem
526 2743 656 2817 ducem
675 2740 910 2818 fortissimum
922 2744 1028 2817 occir

214 2859 266 2934 dit
284 2891 291 2931 :
314 2875 349 2933 et
363 2886 477 2960 quum
500 2859 653 2958 spoliare
668 2860 850 2959 coepisset,
866 2859 1027 2933 Achilles

213 2977 429 3076 supervenit.
454 2976 510 3050 Fit
529 3004 650 3080 pugna
670 2980 812 3080 major,
833 2993 868 3052 et
887 2978 1026 3054 clamor

212 3097 258 3167 ab
271 3094 408 3193 oppido
420 3110 493 3167 eta
516 3109 591 3168 toto
604 3097 717 3198 surgit
734 3094 905 3171 exercitu.
923 3097 1026 3169 Hec-

213 3227 271 3284 tor
285 3213 433 3287 Achillis
449 3213 570 3287 femur
582 3214 726 3289 sauciat.
751 3214 814 3289 ltle
828 3212 956 3287 dolore
969 3241 1027 3290 ac·

212 3342 339 3424 cepto,
364 3330 479 3429 magis
508 3358 592 3404 eum
613 3330 781 3434 persequi
804 3330 932 3429 coepit,
958 3359 1026 3406 nec

209 3445 344 3523 destitit
379 3447 446 3524 nisi
478 3449 668 3527 occideret.
691 3452 777 3554 QO
802 3449 1025 3549 interempto
