2160 4132
313 331 491 382 osanne
518 335 570 380 on
597 332 758 410 ‘enonas
870 307 931 379 181

128 445 222 520 ciam
247 446 358 543 possit
381 447 537 519 mittere.
562 447 720 520 Posthac
739 444 942 518 Alexander

132 561 170 634 in
199 563 376 637 Graeciam
405 562 607 666 navigavit,
639 563 793 659 adducto
820 587 941 636 secum

134 678 225 753 duce
246 706 290 754 eo
307 681 370 780 qui
393 683 685 755 cum'Antenore
702 681 778 779 jam
796 679 944 780 naviga-

132 811 243 872 verat.
260 799 347 871 Non
363 799 496 872 multos
516 814 599 872 ante
612 799 708 890 dies,
727 823 839 896 quam
856 795 944 868 Ale-
982 878 985 882 Α

133 915 267 988 xander
290 914 329 989 in
354 906 532 991 Graeclam
559 914 759 1018 navigavit,
786 930 822 988 et
843 928 945 986 ante-

133 1058 241 1132 quam
265 1032 304 1109 in
322 1030 473 1106 insulam
496 1033 715 1133 Cytheream
740 1031 945 1121 accederet,

133 1148 318 1223 Menelaus
334 1162 398 1223 'rex
420 1151 466 1223 'ad
488 1151 683 1223 Nestorem
702 1149 965 1250 Pylo-mpro-¹

137 1263 314 1357 ficiscens‚
339 1265 545 1367 Alexandro
565 1265 603 1336 in
628 1260 754 1340 itinere
773 1265 947 1356 occurrit,

140 1397 175 1453 et
191 1382 388 1454 mirabatur
409 1381 546 1481 regiam
567 1379 712 1455 classem
732 1407 805 1480 quo
828 1381 949 1455 tende-

133 1513 205 1575 ret.
232 1496 389 1598 Utrique
418 1512 646 1579 occurrentes
673 1512 887 1596 aspexerunt
911 1523 949 1570 se

128 1613 314 1707 .invicem,
330 1615 434 1690 inscii¹
457 1640 531 1715 quo
550 1615 700 1714 quisque
723 1613 803 1688 iret.
827 1615 952 1686 Castor

139 1748 177 1808 et
195 1733 327 1806 Pollux¹
341 1733 387 1806 ad
413 1733 714 1834 Cl'ytemnestram
737 1731 872 1822 ierant,
893 1721 952 1802 se·-

141 1878 225 1926 eum
246 1851 490 1925 Hermionam
512 1849 661 1948 neptem
684 1876 787 1921 suam
804 1846 954 1921 Helenae

143 1968 254 2041 filiam
268 1969 501 2041 adduxerant.
515 1966 623 2066 Argis
636 1965 790 2038 ,lunonis
799 1964 873 2036 dies
884 1963 954 2036 fes-
1039 1978 1045 1991 '

142 2101 201 2156 tus
222 2099 296 2155 erat
313 2082 367 2154 his
389 2083 533 2172 diebus,
550 2081 680 2179 quihus
697 2081 900 2154 Alexander
916 2080 954 2152 in
1032 2128 1037 2138 x

134 2199 298 2272 ¹insulam
314 2198 531 2298 cytheream
549 2196 646 2271 venit
662 2253 673 2289 ,
694 2196 756 2269 ubi
773 2197 817 2268 ad
830 2197 956 2268 fanum

147 2317 298 2391 Veneris
318 2316 440 2389 Dianae
457 2314 678 2389 sacrificavit.
696 2312 750 2388 Hi
768 2313 832 2414 qui
848 2313 884 2384 in
897 2313 955 2386 in-
1056 2398 1060 2409 .

146 2434 221 2510 sula
242 2451 365 2530 erant,
387 2435 611 2508 mirabantur
629 2433 766 2534 regiam
787 2426 955 2527 classem,

146 2569 182 2625 et
194 2552 463 2651 interrogabant
479 2554 524 2625 ab
538 2552 607 2624 illis
621 2551 684 2649 qui
700 2577 784 2623 curn
798 2549 956 2622 Alexan·

149 2670 237 2758 dro,
253 2667 315 2766 qui
336 2681 471 2759 essent,
488 2668 575 2764 quid
589 2665 784 2753 venissent,
806 2689 958 2759 respon-

149 2785 277 2857 derunt
289 2781 337 2852 illi
353 2809 373 2852 a
387 2782 531 2853 Priamo
541 2805 625 2878 rege
636 2777 796 2880 legatum
808 2778 956 2852 missum

148 2903 194 2981 ad
207 2902 391 2975 Castorem
412 2913 448 2974 et
465 2896 670 2990 Pollucem,
690 2910 731 2970 ut
747 2919 807 2973 eos
823 2919 956 2973 conve-

148 3034 253 3097 unet.
