2160 4132
237 404 425 455 cenans
453 386 691 468 naritor‘u
800 372 871 450 2⁴33

62 518 204 618 phebus
234 548 243 588 ε
276 524 467 618 pugnatur
487 516 615 591 acriter
642 508 871 616 a'Trojanis.

67 642 250 740 Sarpedon
269 643 401 744 Lycius
416 669 502 716 eum
516 639 586 713 suis
602 638 875 737 impressionem

69 765 107 839 in
130 765 286 871 Argivos
307 766 412 860 facit,
435 757 556 857 caedit,
577 762 770 861 prosternit
783 760 877 834 mul-

70 905 137 964 tos.
161 895 206 965 Et
226 891 352 969 obvius
374 891 414 964 fit
435 887 669 986 Tlepolemus
686 885 876 962 Rhodius:

69 1014 133 1088 sed
146 1002 213 1087 'diu
231 1015 358 1089 stando
374 1030 409 1088 et
426 1013 623 1114 pugnando
644 1011 739 1084 male
757 1009 880 1086 vulne-

70 1155 168 1213 ratus
185 1139 289 1214 cadit.
309 1139 472 1214 Succedit
494 1139 617 1213 Perses
638 1138 819 1212 Admestae
840 1136 883 1208 fi-

68 1264 155 1356 lius,
168 1265 330 1359 praelium
346 1263 522 1337 restituit:
542 1263 675 1361 diuque
696 1289 780 1336 cum
798 1264 882 1336 Sar-

70 1386 213 1485 pedone
247 1385 410 1457 eominus
439 1356 665 1482 pugnand0‚
695 1384 879 1458 occiditur.

72 1509 257 1607 Sarpedon
271 1494 416 1608 quoque
439 1505 610 1578 multatus
629 1506 743 1581 rediit.
757 1509 883 1605 Itaque

72 1657 138 1730 per
165 1630 300 1732 aliquot
326 1631 400 1704 dies
431 1628 549 1727 praelia
572 1628 674 1702 fiunt.
703 1624 884 1729 Utrinque

74 1755 240 1828 ductores
251 1752 482 1846 occiduntur,
495 1753 557 1825 sed
567 1752 881 1850 pluresaPriamo.

73 1878 225 1975 Troiani
238 1879 385 1951 mittunt
399 1878 552 1977 legatos,
566 1876 726 1952 inducias
738 1893 885 1976 petunt,

73 2021 113 2078 ut
146 2019 311 2077 mortuos
349 2001 551 2096 sepeliant,
582 2002 717 2075 saucios
746 2021 882 2077 narrent.

74 2124 280 2199 Palamedes
296 2125 612 2218 Agamemnonem
625 2118 783 2221 legatum
797 2125 886 2196 mit-

79 2247 123 2319 tit
134 2246 179 2318 ad
192 2242 386 2338 Thesides,
400 2241 767 2340 Demophoontemet
779 2244 888 2320 Atha·

78 2384 265 2463 mantem,
283 2392 373 2468 quos
385 2365 520 2468 legatos
532 2368 788 2471 Agamemnon
801 2396 888 2469 prae·

74 2493 226 2589 fecerat,
243 2507 284 2564 ut
306 2505 529 2565 commeatus
551 2509 822 2590 compararent,
850 2508 887 2571 et

75 2618 301 2692 frumentum
325 2617 369 2690 de
390 2616 506 2717 Mysia
527 2645 548 2689 a
570 2616 733 2716 Telepho
757 2604 889 2719 accepss

72 2754 151 2812 tum
175 2749 438 2832 supportarent.
460 2739 515 2809 Ut
535 2763 580 2809 eo
598 2737 718 2831 venit,
742 2740 884 2812 seditio·
960 2826 965 2831 .

72 2881 158 2930 nem
181 2847 384 2924 Palamedis
407 2866 539 2923 narrat.
575 2851 630 2925 Illi
658 2851 809 2927 moleste
837 2856 888 2932 fe·

71 2987 168 3048 aunt.
190 2971 446 3071 Agamemnon
466 2967 551 3044 dicit
570 2995 608 3042 se
631 2968 781 3045 moleste
812 2976 886 3049 non

72 3091 189 3182 ferre,
202 3112 265 3161 sua
276 3083 458 3160 voluntate
478 3086 516 3160 id
534 3087 670 3163 factum
688 3115 775 3167 esse.
790 3092 888 3169 Inte-
995 3146 1003 3161 .

73 3203 354 3283 reaPalamedes
365 3228 473 3280 naves
491 3206 750 3304 comparandas
765 3227 886 3307 curat,

69 3341 181 3400 eastra
192 3321 323 3417 munit,
331 3321 489 3397 turribus
501 3323 712 3398 circumdat.
731 3310 883 3429 Trojani

67 3443 261 3522 exereitum
298 3456 487 3538 exercent,
515 3468 662 3516 murum
685 3443 879 3545 'diligenter
