2160 4132
316 304 495 369 orsum:
524 316 571 361 us
598 310 748 365 ruorr.
865 287 935 361 253

295 504 500 572 CAPUT
535 506 775 573 XXXIII.

182 672 335 747 Tunius
370 700 500 774 pugnae
535 673 750 772 supervenit.
784 673 940 774 -Trojani

136 789 332 862 exercitum
349 788 517 864 educunt.
537 793 672 864 Contra
688 791 941 891 Agamemnon

134 930 262 982 omnes
287 907 396 982 dures
421 907 460 980 in
485 926 647 1009 pugnam
671 909 791 1011 cogit,
816 908 942 1006 proelio

134 1024 327 1097 commisso
347 1025 388 1097 fit
406 1050 538 1125 magna
558 1025 670 1099 cedes
694 1054 703 1096 τ
728 1026 858 1099 acriter
878 1051 943 1100 sse*¹

132 1136 244 1213 riunt.
274 1138 469 1240 Postquam
500 1133 661 1238 primum
694 1157 837 1240 tempus
869 1142 941 1218 diei

133 1256 288 1350 transiit,
309 1258 430 1354 prodit
449 1259 486 1330 in
500 1258 625 1354 proelio
640 1259 805 1353 Troilus,
822 1260 941 1355 caedit,

135 1372 338 1467 prosternit.
367 1371 493 1470 Argivi
518 1373 642 1471 fugam
674 1401 758 1447 cum
786 1371 942 1447 clamore

136 1486 308 1559 fecerunt.
339 1487 494 1561 Achilles
518 1502 559 1560 ut
584 1484 672 1560 vidit
699 1487 865 1562 Troilum
893 1488 942 1559 ita

131 1603 276 1697 saevire,
309 1619 344 1677 et
368 1603 512 1707 Argivis
543 1602 734 1699 insultare,
764 1605 942 1704 simulque

129 1720 209 1794 sine
235 1719 496 1796 intermissione
521 1737 757 1819 posternere,
790 1719 944 1822 Argivos

132 1835 310 1932 laborare,
325 1838 488 1938 prosiluit
501 1839 537 1912 in
554 1839 701 1914 bellum.
717 1843 812 1914 Eum
826 1838 940 1914 conti·

130 1980 204 2028 uuo
217 1955 360 2030 Troilus
373 1956 529 2052 praecipit
538 2011 550 2049 ,
567 1973 603 2029 et
619 1957 763 2030 sauciat.
784 1956 941 2032 Achilles

130 2073 176 2144 de
194 2067 320 2168 proelio
335 2072 472 2144 saucius
491 2072 608 2143 redit:
625 2088 807 2171 pugnatur
827 2073 942 2146 conti*

130 2185 211 2259 nuis
226 2185 350 2258 diebus
372 2211 443 2258 sex.
468 2184 539 2259 Die
552 2185 708 2281 septimo
729 2187 817 2259 dum
839 2200 941 2260 uter·

132 2328 202 2402 que
214 2301 387 2377 exercitus
398 2302 525 2400 proelio
536 2303 729 2376 commisso
741 2303 940 2405 fugaretur,

130 2418 286 2496 Achilles
309 2420 372 2521 qui
394 2420 570 2523 aliquibus
592 2420 724 2495 diebus·
738 2437 883 2498 vexatus
902 2421 940 2496 in

127 2560 289 2640 pugnam
303 2565 374 2612 non
387 2538 570 2638 prodierat
579 2540 854 2643 ,Myrmidonas
871 2540 940 2615 ine

128 2655 226 2728 truit.
245 2658 444 2746 Hortatur,
458 2655 650 2752 alloquitur
664 2672 705 2728 ut
718 2656 858 2731 fortiter
869 2660 940 2731 im·

130 2769 347 2868 pressionem
361 2769 398 2840 in
411 2768 577 2841 Troilum
589 2768 731 2842 faciant.
744 2774 939 2870 Postquam

131 2886 249 2984 major
273 2884 356 2982 pars
380 2883 449 2957 diei
473 2883 629 2975 transiit,
651 2885 772 2982 prodit
796 2886 939 2960 Troilus

130 3030 173 3077 ex
187 3027 281 3102 equo
295 3000 404 3074 laetus.
420 2999 547 3102 Argivi
563 3000 718 3076 clamore
733 3028 867 3104 magno
885 3003 938 3078 fu·
974 3093 981 3103 ἱ

129 3147 211 3221 gam
235 3117 380 3192 sariunt.
404 3118 653 3219 Myrmidones
679 3145 935 3216 supervenere,

127 3234 399 3332 impressionem
433 3232 468 3306 in
504 3234 668 3308 Troilum
701 3235 857 3330 faciunt,
889 3238 935 3312 de

130 3378 287 3452 quorum
306 3376 458 3425 numero
474 3350 578 3425 multi
592 3378 612 3424 a
625 3350 751 3425 Troilo
764 3353 937 3430 occidun-
