2160 4132
266 443 412 496 nrrnn
448 416 729 506 crnourbnr.
852 417 896 506 41

92 570 217 631 *rantes
233 555 378 656 signum
397 556 496 654 quod
511 554 585 658 igni
604 554 696 628 elato‘
707 553 840 643 sinon,
856 546 905 655 ad

96 698 179 745 earn
195 700 276 747 rem
299 672 392 747 elam
411 673 564 770 positus,
581 671 765 746 sustulerat
779 688 791 742 ε’
802 691 906 742 mox·

98 815 171 888 que
192 813 320 863 omnes
341 804 536 888 postquam
557 788 730 861 intravere
749 784 904 878 moenia,

97 905 218 980 divisis
231 906 324 980 inter
342 932 381 981 se
398 904 547 982 civitatis
558 904 665 997 locis,
680 902 744 977 ubi
763 903 905 1004 signum

99 1020 223 1095 datum
249 1048 446 1126 agnovere,
468 1023 601 1098 caedere
629 1046 691 1096 eos
716 1045 808 1123 quos
832 1017 916 1122 fors⁵

97 1139 295 1239 objecerat,
318 1154 428 1242 etque
451 1140 666 1216 obtruncare
690 1137 823 1237 passim
842 1159 911 1232 per

95 1254 223 1330 domos
234 1273 341 1357 atque
356 1259 449 1351 vias,
463 1257 541 1332 loca
554 1284 651 1341 sacra
663 1255 908 1356 profanaque,

99 1373 173 1447 etsi
190 1374 253 1473 qui
265 1391 530 1472 persenserant,
541 1377 752 1474 priusquam
765 1397 907 1447 armare

99 1515 157 1583 se,
174 1505 238 1562 aut
256 1489 352 1566 'aliud
371 1515 442 1586 pro
462 1490 572 1563 salute
592 1516 719 1589 capere
744 1490 910 1588 quirent,

94 1605 311 1705 *opprimere
332 1636 340 1678 :
360 1630 507 1704 prorsus
522 1605 620 1680 nulla
633 1604 775 1706 requies
787 1604 919 1705 stragis

101 1740 210 1825 atque
235 1724 430 1818 funerum,
450 1751 563 1824 quum
589 1723 710 1823 palam
732 1739 768 1798 et
789 1722 827 1795 in
850 1747 915 1797 ore

101 1867 250 1917 suorum
272 1841 395 1935 liberi,
420 1858 657 1945 parentesque
682 1867 818 1945 magno
838 1842 917 1916 ins-

102 1959 322 2056 pectantium
343 1959 483 2061 gemitu
504 1975 739 2054 necarentur,
754 1987 915 2061 moxque

103 2075 171 2177 ipsi
192 2079 255 2179 qui
275 2078 476 2176 spectaculo
499 2079 789 2175 charissimorum
804 2079 917 2152 inter-

103 2194 268 2287 fuerant,
287 2192 533 2266 miserandum
553 2194 592 2269 in
612 2196 764 2269 modum
786 2194 916 2270 interi-

104 2326 197 2385 rent.
225 2313 358 2410 Neque
387 2310 529 2412 segnius
553 2337 620 2410 per
644 2325 758 2406 totam
787 2312 917 2384 urbem

105 2427 278 2503 incendiis
300 2444 462 2530 gestum,
484 2429 609 2527 positis
625 2427 726 2528 prius
752 2427 917 2502 defenso-

104 2546 201 2619 ribus
219 2546 264 2618 ad
282 2546 433 2621 domurn
453 2547 573 2622 AEneae
586 2563 696 2649 atque
709 2545 915 2622 Antenoris.
1005 2538 1007 2545 ’

105 2666 253 2738 Interim
283 2659 451 2738 Priamus
476 2694 515 2740 re
546 2667 718 2767 cognita,
743 2668 790 2740 ad
817 2690 918 2738 aram

106 2784 129 2853 J
130 2780 206 2852 ovis
212 2781 294 2851 ante
300 2780 487 2852 aedificialis
499 2781 679 2878 confugit,
684 2781 862 2877 multique
874 2774 920 2852 eir

108 2919 153 2969 eo
162 2892 243 2966 loco
252 2893 297 2963 ad
303 2893 440 2988 reliqua
448 2892 601 2962 deorum
610 2890 744 2986 templa
755 2920 763 2959 :
775 2891 812 2962 in
823 2889 923 2991 queis

109 3007 363 3089 Cassandram
381 3005 496 3081 aedem
521 3007 705 3082 Minervae.
730 3007 800 3082 Sed
824 3024 925 3108 post.

110 3156 221 3234 quam
239 3124 424 3202 universos
447 3123 510 3225 qui
529 3123 567 3198 in
583 3148 712 3201 manus
732 3142 924 3224 venerant,¹

107 3249 221 3341 foede,
244 3260 352 3347 atque
372 3242 505 3318 inultos
526 3240 804 3341 obtruncavere,
823 3247 923 3324 occi.

108 3367 228 3465 piente
247 3363 326 3441 luce
342 3363 497 3436 domum
522 3362 560 3434 in
587 3389 658 3463 qua
678 3362 819 3437 Helena
836 3379 921 3440 erat

109 3481 380 3585 aggrediuntur.
400 3478 456 3559 lbi
472 3479 657 3556 Menelaus
669 3479 920 3580 Deiphobum,
