2160 4132
144 348 195 430 82*
330 384 506 432 nunnus
535 388 587 433 nn
616 387 774 436 rnorn.

142 517 300 594 eumque
313 493 611 574 circumveniunt.
626 499 715 574 Inde
728 526 794 598 per
807 526 957 581 omnem

78 624 83 639 ‘
139 610 366 712 'Argivorum
381 615 559 714 populum
571 617 740 693 dissensio
751 619 958 694 animorum

140 745 267 803 exorta
276 785 289 824 ,
307 732 428 832 quoad
445 732 583 812 diversa
595 737 690 812 inter
705 762 742 812 se
758 731 956 836 cupientes,
1041 777 1045 785 ·

140 845 189 921 ad
204 866 432 947 postremum
453 854 491 928 in
510 871 629 952 partes
642 854 873 932 discederent.
888 857 958 930 Per

71 1002 76 1009 ·
142 960 242 1041 idem
259 985 401 1067 tempus
413 970 598 1045 Menelaus
611 971 779 1069 appulsus
794 976 957 1066 Cretam,

141 1103 270 1161 cuncta
299 1113 407 1184 super
435 1090 737 1191 Agamemnone,
766 1115 957 1190 regnoque

134 1199 220 1298 ejus
233 1203 426 1303 cognoscit.

390 1747 599 1816 CAPUT
632 1748 707 1816 lv..

191 1901 363 1972 {arnnal
389 1923 628 1994 peromnem
655 1896 832 1987 insulam,
851 1907 968 1991 pose-¹¹

132 2006 253 2116 squam
287 2013 473 2117 cognitum
506 2014 686 2090 Helenam
716 2040 760 2088 eo
790 2010 927 2088 venisse
940 2066 958 2103 ,

139 2134 249 2210 multi
275 2134 435 2235 undique
464 2135 565 2211 virile
596 2163 636 2209 ac
663 2131 839 2206 muliebre
868 2156 954 2204 sexu

137 2254 501 2330 confluunnaventes
509 2252 716 2356 dignoscere
728 2251 829 2351 cujus
840 2242 959 2350 garalia-

135 2372 238 2448 orbis
264 2400 357 2471 pene
383 2371 501 2445 omnis
528 2372 573 2445 ad
600 2371 736 2446 bellum
766 2365 952 2464 conspira-

139 2489 245 2563 visset
261 2520 268 2559 :
284 2488 334 2560 ibi
352 2489 446 2561 inter
459 2504 582 2564 caetera
595 2489 780 2564 Menelaus
792 2485 950 2587 profert,

52 2620 54 2637 '
139 2607 324 2683 Teucrum
363 2605 551 2704 expulsum
586 2607 730 2706 patria,
769 2605 955 2681 civitatem

134 2725 238 2825 apud
247 2724 434 2828 Cyprum,
452 2723 848 2817 Salaminam-nomine,
862 2747 951 2798 con-

131 2845 277 2920 didisse.
295 2845 410 2920 Multa
424 2844 533 2920 etiam
550 2847 646 2946 apud
665 2847 869 2946 AEgyptum
882 2839 951 2914 mi·

132 2966 247 3038 nanda
260 2964 370 3040 refert
388 2996 396 3036 ε
416 2980 452 3039 et
467 2964 606 3062 Canopi
619 2960 867 3066 gubernatoris
878 2959 948 3053 sui,

128 3083 203 3182 qui
215 3082 264 3154 ibi
280 3108 403 3155 morsu
418 3082 638 3179 serpentium
656 3081 864 3171 interierat,
883 3104 950 3151 ex-

124 3193 954 3298 structummagnificummonumentmnDein:

129 3314 195 3391 nbi
207 3330 350 3413 tempus
364 3315 479 3390 visum
495 3334 567 3413 est,
586 3321 758 3423 Mycenas
771 3313 917 3416 navigat
935 3342 953 3382 :-

124 3430 184 3508 ibi
194 3431 507 3513 multaadversum
526 3440 695 3516 Orestem
714 3434 886 3527 molitus,
901 3429 954 3504 acl·

881 3562 886 3589 i
