<?xml version="1.0" encoding="UTF-8"?>
<!DOCTYPE html PUBLIC "-//W3C//DTD XHTML 1.0 Transitional//EN"
    "http://www.w3.org/TR/xhtml1/DTD/xhtml1-transitional.dtd">
<html xmlns="http://www.w3.org/1999/xhtml" xml:lang="en" lang="en">
 <head>
  <title>
</title>
<meta http-equiv="Content-Type" content="text/html;charset=utf-8" />
  <meta name='ocr-system' content='tesseract 3.04.00' />
  <meta name='ocr-capabilities' content='ocr_page ocr_carea ocr_par ocr_line ocrx_word'/>
</head>
<body>
  <div class='ocr_page' id='page_1' title='image "./histoiredelague00daregoog_0068.png"; bbox 0 0 2160 4132; ppageno 0'>
   <div class='ocr_carea' id='block_1_1' title="bbox 126 441 752 523">
    <p class='ocr_par' dir='ltr' id='par_1_1' title="bbox 126 441 752 523">
     <span class='ocr_line' id='line_1_1' title="bbox 126 441 752 523; baseline 0.006 -5"><span class='ocrx_word' id='word_1_1' title='bbox 126 441 175 519; x_wconf 87' lang='grc'><strong>58</strong></span> <span class='ocrx_word' id='word_1_2' title='bbox 301 470 485 519; x_wconf 72' lang='lat' dir='ltr'><strong>o&#39;usnnr</strong></span> <span class='ocrx_word' id='word_1_3' title='bbox 512 473 565 520; x_wconf 80' lang='lat' dir='ltr'><strong>nn</strong></span> <span class='ocrx_word' id='word_1_4' title='bbox 592 471 752 523; x_wconf 74' lang='lat' dir='ltr'><strong>ruore.</strong></span> 
     </span>
    </p>
   </div>
   <div class='ocr_carea' id='block_1_2' title="bbox 56 576 1026 1968">
    <p class='ocr_par' dir='ltr' id='par_1_2' title="bbox 56 576 1026 1968">
     <span class='ocr_line' id='line_1_2' title="bbox 127 576 946 681; baseline 0.011 -30"><span class='ocrx_word' id='word_1_5' title='bbox 127 576 182 673; x_wconf 86' lang='lat' dir='ltr'><strong>nit</strong></span> <span class='ocrx_word' id='word_1_6' title='bbox 202 604 273 680; x_wconf 90' lang='lat' dir='ltr'><strong>que</strong></span> <span class='ocrx_word' id='word_1_7' title='bbox 289 582 336 655; x_wconf 88' lang='lat' dir='ltr'><strong>ad</strong></span> <span class='ocrx_word' id='word_1_8' title='bbox 353 609 453 660; x_wconf 88' lang='lat' dir='ltr'><strong>mare</strong></span> <span class='ocrx_word' id='word_1_9' title='bbox 472 585 719 681; x_wconf 87' lang='lat' dir='ltr'><strong>Adriaticum,</strong></span> <span class='ocrx_word' id='word_1_10' title='bbox 735 587 865 662; x_wconf 87' lang='lat' dir='ltr'><strong>multas</strong></span> <span class='ocrx_word' id='word_1_11' title='bbox 881 587 946 660; x_wconf 78' lang='lat' dir='ltr'><strong>in·</strong></span> 
     </span>
     <span class='ocr_line' id='line_1_3' title="bbox 126 694 963 804; baseline 0.008 -34"><span class='ocrx_word' id='word_1_12' title='bbox 126 694 234 773; x_wconf 84' lang='lat' dir='ltr'><strong>terim</strong></span> <span class='ocrx_word' id='word_1_13' title='bbox 247 718 372 800; x_wconf 86' lang='lat' dir='ltr'><strong>gentes</strong></span> <span class='ocrx_word' id='word_1_14' title='bbox 384 704 558 779; x_wconf 88' lang='lat' dir='ltr'><strong>Barbaras</strong></span> <span class='ocrx_word' id='word_1_15' title='bbox 574 719 836 804; x_wconf 80' lang='lat' dir='ltr'><strong>praetervectus.</strong></span> <span class='ocrx_word' id='word_1_16' title='bbox 868 704 944 778; x_wconf 78' lang='lat' dir='ltr'><strong>Ibi-²</strong></span> <span class='ocrx_word' id='word_1_17' title='bbox 961 789 963 792; x_wconf 11' lang='lat' dir='ltr'>y</span> 
     </span>
     <span class='ocr_line' id='line_1_4' title="bbox 126 816 1026 929; baseline 0.006 -40"><span class='ocrx_word' id='word_1_18' title='bbox 126 838 200 915; x_wconf 87' lang='lat' dir='ltr'><strong>que</strong></span> <span class='ocrx_word' id='word_1_19' title='bbox 212 816 393 895; x_wconf 84' lang='lat' dir='ltr'><strong>constituit</strong></span> <span class='ocrx_word' id='word_1_20' title='bbox 406 823 461 895; x_wconf 91' lang='lat' dir='ltr'><strong>his</strong></span> <span class='ocrx_word' id='word_1_21' title='bbox 474 823 537 923; x_wconf 89' lang='lat' dir='ltr'><strong>qui</strong></span> <span class='ocrx_word' id='word_1_22' title='bbox 553 850 676 898; x_wconf 88' lang='lat' dir='ltr'><strong>secum</strong></span> <span class='ocrx_word' id='word_1_23' title='bbox 690 822 941 926; x_wconf 80' lang='lat' dir='ltr'>navigaverant</span> <span class='ocrx_word' id='word_1_24' title='bbox 1023 924 1026 929; x_wconf 81' lang='lat'>.</span> 
     </span>
     <span class='ocr_line' id='line_1_5' title="bbox 126 933 947 1039; baseline 0.005 -31"><span class='ocrx_word' id='word_1_25' title='bbox 126 933 330 1034; x_wconf 82' lang='lat' dir='ltr'><strong>civitatem,</strong></span> <span class='ocrx_word' id='word_1_26' title='bbox 356 938 570 1037; x_wconf 73' lang='lat' dir='ltr'><strong>appellatam</strong></span> <span class='ocrx_word' id='word_1_27' title='bbox 595 942 795 1039; x_wconf 80' lang='lat' dir='ltr'><strong>Corcyram</strong></span> <span class='ocrx_word' id='word_1_28' title='bbox 820 938 947 1014; x_wconf 19' lang='lat' dir='ltr'><strong>Mela-v</strong></span> 
     </span>
     <span class='ocr_line' id='line_1_6' title="bbox 127 1054 940 1151; baseline 0.007 -29"><span class='ocrx_word' id='word_1_29' title='bbox 127 1074 225 1126; x_wconf 91' lang='lat' dir='ltr'><strong>nam.</strong></span> <span class='ocrx_word' id='word_1_30' title='bbox 253 1058 431 1128; x_wconf 81' lang='lat' dir='ltr'><strong>Caeterum</strong></span> <span class='ocrx_word' id='word_1_31' title='bbox 455 1054 552 1151; x_wconf 90' lang='lat' dir='ltr'><strong>apud</strong></span> <span class='ocrx_word' id='word_1_32' title='bbox 568 1054 720 1151; x_wconf 89' lang='lat' dir='ltr'><strong>Trojam</strong></span> <span class='ocrx_word' id='word_1_33' title='bbox 747 1069 940 1151; x_wconf 87' lang='lat' dir='ltr'><strong>postquam</strong></span> 
     </span>
     <span class='ocr_line' id='line_1_7' title="bbox 56 1166 944 1272; baseline 0.001 -33"><span class='ocrx_word' id='word_1_34' title='bbox 56 1196 64 1207; x_wconf 86' lang='lat'><em>·</em></span> <span class='ocrx_word' id='word_1_35' title='bbox 129 1166 944 1272; x_wconf 78' lang='lat' dir='ltr'><strong>sarnaestAntenoremregnopotitunr‚cuncti</strong></span> 
     </span>
     <span class='ocr_line' id='line_1_8' title="bbox 131 1283 943 1381; baseline -0.001 -24"><span class='ocrx_word' id='word_1_36' title='bbox 131 1283 194 1381; x_wconf 89' lang='lat' dir='ltr'><strong>qui</strong></span> <span class='ocrx_word' id='word_1_37' title='bbox 207 1284 301 1359; x_wconf 91' lang='lat' dir='ltr'><strong>bello</strong></span> <span class='ocrx_word' id='word_1_38' title='bbox 315 1286 466 1381; x_wconf 85' lang='lat' dir='ltr'>residui,</span> <span class='ocrx_word' id='word_1_39' title='bbox 481 1302 695 1362; x_wconf 85' lang='lat' dir='ltr'><strong>nocturnam</strong></span> <span class='ocrx_word' id='word_1_40' title='bbox 713 1285 861 1360; x_wconf 86' lang='lat' dir='ltr'><strong>civitatis</strong></span> <span class='ocrx_word' id='word_1_41' title='bbox 875 1284 943 1359; x_wconf 82' lang='lat' dir='ltr'><strong>cla-</strong></span> 
     </span>
     <span class='ocr_line' id='line_1_9' title="bbox 131 1398 947 1506; baseline 0.002 -33"><span class='ocrx_word' id='word_1_42' title='bbox 131 1398 215 1506; x_wconf 88' lang='lat' dir='ltr'><strong>dem</strong></span> <span class='ocrx_word' id='word_1_43' title='bbox 236 1420 438 1497; x_wconf 83' lang='lat' dir='ltr'><strong>evaserant,</strong></span> <span class='ocrx_word' id='word_1_44' title='bbox 463 1405 606 1477; x_wconf 88' lang='lat' dir='ltr'><strong>adeum</strong></span> <span class='ocrx_word' id='word_1_45' title='bbox 632 1405 840 1495; x_wconf 85' lang='lat' dir='ltr'><strong>confluunt,</strong></span> <span class='ocrx_word' id='word_1_46' title='bbox 859 1401 947 1475; x_wconf 88' lang='lat' dir='ltr'><strong>bre-</strong></span> 
     </span>
     <span class='ocr_line' id='line_1_10' title="bbox 129 1515 944 1621; baseline -0.001 -27"><span class='ocrx_word' id='word_1_47' title='bbox 129 1515 236 1617; x_wconf 80' lang='lat' dir='ltr'><strong>vique</strong></span> <span class='ocrx_word' id='word_1_48' title='bbox 262 1519 389 1621; x_wconf 84' lang='lat' dir='ltr'><strong>ingens</strong></span> <span class='ocrx_word' id='word_1_49' title='bbox 415 1519 541 1594; x_wconf 84' lang='lat' dir='ltr'><strong>coalita</strong></span> <span class='ocrx_word' id='word_1_50' title='bbox 563 1517 758 1592; x_wconf 89' lang='lat' dir='ltr'><strong>multitudo</strong></span> <span class='ocrx_word' id='word_1_51' title='bbox 785 1550 794 1589; x_wconf 78' lang='lat' dir='ltr'><em>z</em></span> <span class='ocrx_word' id='word_1_52' title='bbox 826 1533 944 1593; x_wconf 84' lang='lat' dir='ltr'><strong>tantus</strong></span> 
     </span>
     <span class='ocr_line' id='line_1_11' title="bbox 65 1633 945 1737; baseline 0.002 -32"><span class='ocrx_word' id='word_1_53' title='bbox 65 1722 67 1727; x_wconf 16' lang='grc' dir='ltr'><strong><em>Δ</em></strong></span> <span class='ocrx_word' id='word_1_54' title='bbox 130 1659 235 1709; x_wconf 88' lang='lat' dir='ltr'><strong>amor</strong></span> <span class='ocrx_word' id='word_1_55' title='bbox 250 1663 339 1737; x_wconf 85' lang='lat' dir='ltr'><strong>erga</strong></span> <span class='ocrx_word' id='word_1_56' title='bbox 360 1637 603 1728; x_wconf 82' lang='lat' dir='ltr'><strong>Antenorem,</strong></span> <span class='ocrx_word' id='word_1_57' title='bbox 624 1650 731 1734; x_wconf 86' lang='lat' dir='ltr'><strong>atque</strong></span> <span class='ocrx_word' id='word_1_58' title='bbox 746 1633 870 1732; x_wconf 91' lang='lat' dir='ltr'><strong>opinio</strong></span> <span class='ocrx_word' id='word_1_59' title='bbox 893 1661 945 1707; x_wconf 88' lang='lat' dir='ltr'><strong>sa-</strong></span> 
     </span>
     <span class='ocr_line' id='line_1_12' title="bbox 129 1749 944 1852; baseline 0 -29"><span class='ocrx_word' id='word_1_60' title='bbox 129 1749 276 1846; x_wconf 83' lang='lat' dir='ltr'><strong>pientiae</strong></span> <span class='ocrx_word' id='word_1_61' title='bbox 300 1755 512 1827; x_wconf 86' lang='lat' dir='ltr'><strong>incesserat:</strong></span> <span class='ocrx_word' id='word_1_62' title='bbox 532 1753 644 1852; x_wconf 87' lang='lat' dir='ltr'><strong>fitque</strong></span> <span class='ocrx_word' id='word_1_63' title='bbox 669 1752 835 1850; x_wconf 86' lang='lat' dir='ltr'><strong>princeps</strong></span> <span class='ocrx_word' id='word_1_64' title='bbox 854 1751 944 1825; x_wconf 86' lang='lat' dir='ltr'><strong>ami-</strong></span> 
     </span>
     <span class='ocr_line' id='line_1_13' title="bbox 127 1866 877 1968; baseline 0 -28"><span class='ocrx_word' id='word_1_65' title='bbox 127 1866 221 1944; x_wconf 75' lang='lat' dir='ltr'><strong>citiae</strong></span> <span class='ocrx_word' id='word_1_66' title='bbox 237 1870 315 1968; x_wconf 86' lang='lat' dir='ltr'><strong>ejus</strong></span> <span class='ocrx_word' id='word_1_67' title='bbox 332 1895 396 1946; x_wconf 85' lang='lat' dir='ltr'><strong>rex</strong></span> <span class='ocrx_word' id='word_1_68' title='bbox 414 1871 664 1946; x_wconf 86' lang='lat' dir='ltr'><strong>Cebrenorum</strong></span> <span class='ocrx_word' id='word_1_69' title='bbox 680 1869 877 1953; x_wconf 80' lang='lat' dir='ltr'><strong>Oenideus.</strong></span> 
     </span>
    </p>
   </div>
   <div class='ocr_carea' id='block_1_3' title="bbox 58 2332 952 3604">
    <p class='ocr_par' dir='ltr' id='par_1_3' title="bbox 58 2332 952 3604">
     <span class='ocr_line' id='line_1_14' title="bbox 180 2332 951 2441; baseline -0.009 -25"><span class='ocrx_word' id='word_1_70' title='bbox 180 2338 276 2416; x_wconf 74' lang='lat' dir='ltr'><strong>Hac</strong></span> <span class='ocrx_word' id='word_1_71' title='bbox 301 2341 370 2441; x_wconf 85' lang='lat' dir='ltr'><strong>ego</strong></span> <span class='ocrx_word' id='word_1_72' title='bbox 385 2332 540 2414; x_wconf 88' lang='lat' dir='ltr'><strong>Gnosius</strong></span> <span class='ocrx_word' id='word_1_73' title='bbox 555 2335 702 2438; x_wconf 85' lang='lat' dir='ltr'><strong>Dictys,</strong></span> <span class='ocrx_word' id='word_1_74' title='bbox 721 2357 843 2410; x_wconf 88' lang='lat' dir='ltr'><strong>comes</strong></span> <span class='ocrx_word' id='word_1_75' title='bbox 861 2333 951 2409; x_wconf 84' lang='lat' dir='ltr'><strong>ido·-</strong></span> 
     </span>
     <span class='ocr_line' id='line_1_15' title="bbox 128 2450 948 2553; baseline -0.01 -23"><span class='ocrx_word' id='word_1_76' title='bbox 128 2456 253 2530; x_wconf 85' lang='lat' dir='ltr'><strong>menei</strong></span> <span class='ocrx_word' id='word_1_77' title='bbox 261 2453 471 2551; x_wconf 82' lang='lat' dir='ltr'><strong>conscripsi,</strong></span> <span class='ocrx_word' id='word_1_78' title='bbox 485 2454 647 2527; x_wconf 83' lang='lat' dir='ltr'><strong>oratione</strong></span> <span class='ocrx_word' id='word_1_79' title='bbox 659 2481 700 2526; x_wconf 89' lang='lat' dir='ltr'><strong>ea</strong></span> <span class='ocrx_word' id='word_1_80' title='bbox 716 2478 824 2553; x_wconf 89' lang='lat' dir='ltr'><strong>quam</strong></span> <span class='ocrx_word' id='word_1_81' title='bbox 836 2450 948 2526; x_wconf 82' lang='lat' dir='ltr'><strong>maxi·</strong></span> 
     </span>
     <span class='ocr_line' id='line_1_16' title="bbox 130 2570 948 2672; baseline -0.006 -27"><span class='ocrx_word' id='word_1_82' title='bbox 130 2598 193 2646; x_wconf 86' lang='lat' dir='ltr'><strong>rne</strong></span> <span class='ocrx_word' id='word_1_83' title='bbox 217 2573 312 2645; x_wconf 89' lang='lat' dir='ltr'><strong>inter</strong></span> <span class='ocrx_word' id='word_1_84' title='bbox 342 2586 416 2643; x_wconf 90' lang='lat' dir='ltr'><strong>tam</strong></span> <span class='ocrx_word' id='word_1_85' title='bbox 447 2570 583 2646; x_wconf 82' lang='lat' dir='ltr'><strong>diversa</strong></span> <span class='ocrx_word' id='word_1_86' title='bbox 609 2570 787 2672; x_wconf 89' lang='lat' dir='ltr'><strong>loquendi</strong></span> <span class='ocrx_word' id='word_1_87' title='bbox 814 2596 948 2672; x_wconf 82' lang='lat' dir='ltr'><strong>genera</strong></span> 
     </span>
     <span class='ocr_line' id='line_1_17' title="bbox 132 2685 948 2790; baseline -0.011 -25"><span class='ocrx_word' id='word_1_88' title='bbox 132 2687 303 2790; x_wconf 88' lang='lat' dir='ltr'><strong>consequi</strong></span> <span class='ocrx_word' id='word_1_89' title='bbox 324 2716 364 2762; x_wconf 89' lang='lat' dir='ltr'><strong>ac</strong></span> <span class='ocrx_word' id='word_1_90' title='bbox 380 2689 687 2786; x_wconf 85' lang='lat' dir='ltr'><strong>comprehendere</strong></span> <span class='ocrx_word' id='word_1_91' title='bbox 705 2687 831 2787; x_wconf 85' lang='lat' dir='ltr'><strong>potui,</strong></span> <span class='ocrx_word' id='word_1_92' title='bbox 853 2685 948 2757; x_wconf 87' lang='lat' dir='ltr'><strong>litte-</strong></span> 
     </span>
     <span class='ocr_line' id='line_1_18' title="bbox 128 2788 943 2908; baseline -0.011 -27"><span class='ocrx_word' id='word_1_93' title='bbox 128 2788 179 2882; x_wconf 81' lang='lat' dir='ltr'><strong>ris</strong></span> <span class='ocrx_word' id='word_1_94' title='bbox 192 2806 353 2900; x_wconf 89' lang='lat' dir='ltr'><strong>Punicis,</strong></span> <span class='ocrx_word' id='word_1_95' title='bbox 367 2807 412 2880; x_wconf 87' lang='lat' dir='ltr'><strong>ab</strong></span> <span class='ocrx_word' id='word_1_96' title='bbox 426 2807 566 2882; x_wconf 85' lang='lat' dir='ltr'><strong>Cadmo</strong></span> <span class='ocrx_word' id='word_1_97' title='bbox 583 2800 943 2908; x_wconf 79' lang='lat' dir='ltr'><strong>Danaoquetraditis.</strong></span> 
     </span>
     <span class='ocr_line' id='line_1_19' title="bbox 129 2914 950 3026; baseline -0.012 -25"><span class='ocrx_word' id='word_1_98' title='bbox 129 2926 262 3026; x_wconf 88' lang='lat' dir='ltr'><strong>Neque</strong></span> <span class='ocrx_word' id='word_1_99' title='bbox 283 2926 327 2998; x_wconf 90' lang='lat' dir='ltr'><strong>sit</strong></span> <span class='ocrx_word' id='word_1_100' title='bbox 350 2925 487 3001; x_wconf 86' lang='lat' dir='ltr'><strong>mirum</strong></span> <span class='ocrx_word' id='word_1_101' title='bbox 512 2914 703 3022; x_wconf 65' lang='lat' dir='ltr'><strong>cuiquam}</strong></span> <span class='ocrx_word' id='word_1_102' title='bbox 726 2918 755 2992; x_wconf 91' lang='lat' dir='ltr'><strong>si</strong></span> <span class='ocrx_word' id='word_1_103' title='bbox 783 2917 950 3021; x_wconf 77' lang='lat' dir='ltr'><strong>quamvis</strong></span> 
     </span>
     <span class='ocr_line' id='line_1_20' title="bbox 124 3027 948 3136; baseline -0.012 -18"><span class='ocrx_word' id='word_1_104' title='bbox 124 3027 245 3118; x_wconf 35' lang='lat' dir='ltr'><strong>‘Graeci</strong></span> <span class='ocrx_word' id='word_1_105' title='bbox 257 3069 403 3136; x_wconf 82' lang='lat' dir='ltr'><strong>omnes,</strong></span> <span class='ocrx_word' id='word_1_106' title='bbox 418 3042 557 3116; x_wconf 81' lang='lat' dir='ltr'><strong>diverso</strong></span> <span class='ocrx_word' id='word_1_107' title='bbox 572 3056 692 3114; x_wconf 82' lang='lat' dir='ltr'><strong>tamen</strong></span> <span class='ocrx_word' id='word_1_108' title='bbox 711 3038 805 3112; x_wconf 86' lang='lat' dir='ltr'><strong>inter</strong></span> <span class='ocrx_word' id='word_1_109' title='bbox 817 3066 854 3112; x_wconf 90' lang='lat' dir='ltr'><strong>se</strong></span> <span class='ocrx_word' id='word_1_110' title='bbox 869 3064 948 3110; x_wconf 87' lang='lat' dir='ltr'><strong>ser-</strong></span> 
     </span>
     <span class='ocr_line' id='line_1_21' title="bbox 127 3153 952 3259; baseline -0.01 -27"><span class='ocrx_word' id='word_1_111' title='bbox 127 3166 239 3232; x_wconf 84' lang='lat' dir='ltr'><strong>mone</strong></span> <span class='ocrx_word' id='word_1_112' title='bbox 252 3175 382 3259; x_wconf 83' lang='lat' dir='ltr'><strong>agunt,</strong></span> <span class='ocrx_word' id='word_1_113' title='bbox 399 3184 513 3257; x_wconf 89' lang='lat' dir='ltr'><strong>quum</strong></span> <span class='ocrx_word' id='word_1_114' title='bbox 529 3185 574 3254; x_wconf 85' lang='lat' dir='ltr'><strong>ne</strong></span> <span class='ocrx_word' id='word_1_115' title='bbox 590 3183 655 3230; x_wconf 86' lang='lat' dir='ltr'><strong>nos</strong></span> <span class='ocrx_word' id='word_1_116' title='bbox 669 3154 818 3257; x_wconf 89' lang='lat' dir='ltr'><strong>quidem</strong></span> <span class='ocrx_word' id='word_1_117' title='bbox 839 3153 952 3227; x_wconf 83' lang='lat' dir='ltr'><strong>unius-</strong></span> 
     </span>
     <span class='ocr_line' id='line_1_22' title="bbox 58 3272 947 3378; baseline -0.012 -25"><span class='ocrx_word' id='word_1_118' title='bbox 58 3360 61 3365; x_wconf 48' lang='lat'><em>,</em></span> <span class='ocrx_word' id='word_1_119' title='bbox 125 3277 366 3378; x_wconf 81' lang='lat' dir='ltr'><strong>ejusdemque</strong></span> <span class='ocrx_word' id='word_1_120' title='bbox 379 3274 503 3348; x_wconf 84' lang='lat' dir='ltr'><strong>insulae</strong></span> <span class='ocrx_word' id='word_1_121' title='bbox 511 3331 523 3370; x_wconf 87' lang='lat'>‚</span> <span class='ocrx_word' id='word_1_122' title='bbox 538 3273 642 3347; x_wconf 83' lang='lat' dir='ltr'><strong>simili</strong></span> <span class='ocrx_word' id='word_1_123' title='bbox 655 3273 798 3377; x_wconf 83' lang='lat' dir='ltr'><strong>lingua,</strong></span> <span class='ocrx_word' id='word_1_124' title='bbox 814 3272 876 3346; x_wconf 91' lang='lat' dir='ltr'><strong>sed</strong></span> <span class='ocrx_word' id='word_1_125' title='bbox 888 3298 947 3346; x_wconf 87' lang='lat' dir='ltr'><strong>va·</strong></span> 
     </span>
     <span class='ocr_line' id='line_1_23' title="bbox 128 3389 952 3495; baseline -0.012 -23"><span class='ocrx_word' id='word_1_126' title='bbox 128 3395 182 3472; x_wconf 74' lang='lat' dir='ltr'><strong>ria</strong></span> <span class='ocrx_word' id='word_1_127' title='bbox 198 3391 446 3494; x_wconf 82' lang='lat' dir='ltr'><strong>permixtaque</strong></span> <span class='ocrx_word' id='word_1_128' title='bbox 459 3408 616 3466; x_wconf 84' lang='lat' dir='ltr'><strong>utamur.</strong></span> <span class='ocrx_word' id='word_1_129' title='bbox 636 3392 750 3495; x_wconf 85' lang='lat' dir='ltr'><strong>Igitur</strong></span> <span class='ocrx_word' id='word_1_130' title='bbox 763 3418 803 3465; x_wconf 91' lang='lat' dir='ltr'><strong>ea</strong></span> <span class='ocrx_word' id='word_1_131' title='bbox 818 3418 897 3492; x_wconf 87' lang='lat' dir='ltr'><strong>quae</strong></span> <span class='ocrx_word' id='word_1_132' title='bbox 908 3389 952 3462; x_wconf 71' lang='lat' dir='ltr'><strong>in</strong></span> 
     </span>
     <span class='ocr_line' id='line_1_24' title="bbox 127 3509 950 3604; baseline -0.007 -19"><span class='ocrx_word' id='word_1_133' title='bbox 127 3512 221 3589; x_wconf 88' lang='lat' dir='ltr'><strong>bello</strong></span> <span class='ocrx_word' id='word_1_134' title='bbox 241 3538 391 3593; x_wconf 72' lang='lat' dir='ltr'><strong>euenere</strong></span> <span class='ocrx_word' id='word_1_135' title='bbox 411 3509 542 3590; x_wconf 80' lang='lat' dir='ltr'><strong>Graecis</strong></span> <span class='ocrx_word' id='word_1_136' title='bbox 554 3539 594 3585; x_wconf 88' lang='lat' dir='ltr'><strong>ac</strong></span> <span class='ocrx_word' id='word_1_137' title='bbox 606 3509 793 3604; x_wconf 85' lang='lat' dir='ltr'><strong>Barbaris,</strong></span> <span class='ocrx_word' id='word_1_138' title='bbox 817 3520 950 3582; x_wconf 80' lang='lat' dir='ltr'><strong>cuncta</strong></span> 
     </span>
    </p>
   </div>
   <div class='ocr_carea' id='block_1_4' title="bbox 0 0 1084 4132">
    <p class='ocr_par' dir='ltr' id='par_1_4' title="bbox 0 0 1084 4132">
     <span class='ocr_line' id='line_1_25' title="bbox 0 0 1084 4132; baseline 0 1"><span class='ocrx_word' id='word_1_139' title='bbox 0 0 1084 4132; x_wconf 95' lang='lat' dir='ltr'><strong> </strong></span> 
     </span>
    </p>
   </div>
  </div>
 </body>
</html>
