2160 4132
127 332 198 399 230
304 349 489 401 ornans
513 346 566 392 na
593 345 757 397 rnort.

126 485 198 534 non
222 477 333 534 cessat
355 461 400 534 de
422 455 576 554 imperio
597 455 787 556 conqueri.
812 461 951 564 Itaque

124 581 381 675 Agamemnon
398 571 564 649 seditioni
586 572 711 666 cessit,
737 589 777 650 et
792 574 890 652 dicit
907 606 947 655 se

124 691 170 767 de
190 694 259 769 hac
277 721 319 769 re
342 693 496 783 libenter
522 690 728 784 facturum,
747 702 796 767 'ut
826 722 942 795 quem

123 809 254 886 vellent
264 815 525 911 Imperatorem
537 807 774 906 praeficerent.
789 814 940 889 Postera

125 926 184 1000 die
196 927 372 1026 populum
392 928 441 1001 ad
450 924 663 1000 concionem
680 942 798 1001 vocat.
815 930 940 1031 Negat

128 1069 165 1117 se
180 1069 338 1143 unquam
360 1041 533 1139 cupidum
548 1040 691 1139 imperii
710 1042 821 1117 fnisse
841 1046 953 1125 :ani·,

128 1186 191 1231 mo
213 1184 318 1258 aequo
337 1186 375 1233 se
395 1158 553 1256 recipere
575 1158 604 1230 si
626 1157 759 1234 vellent
772 1159 857 1234 dare
872 1191 882 1232 ε
900 1189 941 1237 se

127 1275 280 1350 libenter
294 1277 420 1350 cedere
440 1274 547 1348 :satis
568 1275 635 1348 sibi
652 1277 834 1350 essedum
853 1278 941 1353 hos·

129 1405 181 1464 tes
206 1392 416 1486 ulciscatur,
445 1408 481 1466 et
507 1391 749 1489 parvifacere
775 1393 880 1493 cujus
904 1397 939 1472 id

130 1535 200 1607 ope
214 1508 286 1582 fiat.
301 1513 324 1584 J
328 1511 412 1586 ubet
424 1511 541 1584 dicere
552 1566 563 1602 ‚
576 1508 605 1581 si
618 1509 675 1583 cni
688 1509 777 1609 quid
790 1511 942 1610 placeat.

131 1627 337 1702 Palamedes
358 1627 542 1726 procedit,
562 1653 667 1699 suum
682 1626 873 1728 ingenium
886 1658 945 1706 os·

134 1742 259 1816 tendit.
286 1748 410 1845 Itaque
440 1742 566 1844 Argivi
591 1742 788 1840 imperium
813 1747 848 1820 ei
872 1762 947 1823 tra·-

135 1860 235 1932 dunt.
251 1860 456 1932 Palamedes
469 1859 613 1960 Argivis
623 1858 752 1960 gratias
762 1862 858 1963 agit,
874 1863 946 1937 im·

135 1977 276 2075 perium
293 1977 437 2074 accipit,
454 1975 688 2050 administrat.
716 1977 879 2054 Achilles
891 1981 949 2057 vi·

136 2107 276 2192 tuperat
293 2090 436 2191 imperii
452 2090 788 2167 commutationem.

333 2972 537 3043 CAPUT
572 2972 742 3040 XXVI.

184 3149 356 3220 inrannn
366 3143 513 3218 induciae
522 3153 663 3217 exeunt.
672 3134 880 3213 Palamedes
891 3158 952 3206 or·

137 3276 264 3334 natnm
271 3278 507 3363 paratumque
522 3259 717 3335 exercitum
732 3249 952 3343 educit,ins-

136 3375 239 3474 truit,
261 3379 435 3507 hortatur.
462 3379 597 3454 Contra
621 3374 719 3452 idem
749 3367 832 3444 facit
855 3365 953 3451 Dci-
