2160 4132
124 357 200 449 240
306 383 483 428 nunnae
512 382 566 428 un
595 382 758 431 ruore.

125 488 234 563 alium
259 492 378 567 virum
402 507 477 565 tam
502 491 637 564 fortem
661 518 782 592 quam
810 496 944 572 Hector

126 606 204 682 fuit.
231 610 427 684 Diomedes
449 624 485 683 et
504 607 653 710 Ulysses
679 596 812 686 dicere
836 640 942 713 coepe·
985 666 987 673 .

116 741 212 800 sunt
222 781 233 820 ,
252 726 422 801 Troilum
444 751 517 800 non
532 723 651 798 minus
670 725 819 803 fortem
834 727 942 805 virum

129 869 206 918 esse
230 871 340 944 quam
363 846 564 917 Hectorem
591 872 599 913 :
623 840 753 943 sicque
783 847 943 921 Menelao

131 959 330 1035 resistentes
343 957 477 1032 bellum
495 957 572 1062 geri
594 957 863 1056 prohibebant„
876 962 943 1041 cal·

133 1076 214 1151 chas
237 1102 279 1149 ex
299 1074 451 1177 augurio
464 1074 671 1173 respondit,
694 1076 837 1155 debere
855 1107 943 1182 pug-

130 1220 237 1285 nare,
263 1219 329 1268 nec
349 1219 475 1268 curare
496 1193 727 1294 quodmodo
746 1196 944 1296 superiores
985 1186 987 1191 ⁵

132 1309 283 1412 Trojani
297 1309 442 1386 luerint.

331 1620 751 1723 capor'xxxr.

188 1808 339 1880 Temos
358 1833 487 1907 pugnae
508 1805 725 1904 supervenit.
748 1807 949 1912 Agamem·

141 1945 232 2013 non,
253 1919 455 2016 Menelaus,
470 1922 685 2016 Diomedes,
708 1923 833 2024 Ajax,
855 1948 948 2000 exer³

140 2039 252 2114 citum
281 2039 474 2114 educunt:
505 2042 639 2115 Contra
668 2041 828 2142 Trojani
860 2075 868 2117 :
895 2038 946 2115 Fit

141 2186 272 2258 magna
294 2159 422 2251 caedes,
439 2173 620 2260 pugnatur
636 2156 785 2251 acriter,
801 2176 948 2260 uterque

143 2276 315 2352 exercitus
331 2277 424 2351 inter
440 2303 477 2349 se
490 2275 646 2351 suarium.
663 2276 810 2350 Troilus
828 2280 949 2351 Mene*

143 2393 241 2466 laum
261 2393 415 2483 sauciat,
437 2391 569 2465 multos
588 2390 773 2484 interficit,
794 2393 950 2494 Argivos

142 2509 181 2578 in
207 2523 318 2580 castra
348 2508 470 2607 fugat3
507 2534 579 2581 nox
604 2508 765 2606 proelium
794 2508 950 2582 dirimit.

142 2622 288 2695 Postera
301 2621 358 2694 die
375 2622 521 2697 Troilus
543 2641 578 2699 et
592 2624 787 2701 Alexander
805 2624 952 2699 exerci-

143 2757 223 2816 tum
237 2741 405 2816 educunt.
428 2744 561 2817 Contra
575 2769 702 2817 omnes
719 2724 847 2844 ilrgivi
866 2768 953 2842 pro-

145 2863 257 2935 deunt
279 2891 287 2931 :
307 2859 434 2934 acriter
452 2859 620 2960 utrinque
636 2876 830 2962 pugnatur.
849 2860 953 2934 Troi-

145 2976 200 3051 lus
222 2977 438 3053 Diomedem
459 2978 590 3052 sauciat
613 3010 622 3050 :
644 2977 682 3050 iu
702 2982 955 3079 Agamemno-

146 3122 233 3171 nem
245 3095 518 3194 impressionem
534 3095 619 3168 facit
627 3150 640 3188 ,
653 3121 720 3168 nec
738 3120 813 3167 non
827 3094 956 3169 faciem

147 3210 258 3305 ipsius
270 3212 401 3285 sauciat
409 3266 422 3304 ,
439 3210 594 3311 Argivos
612 3209 724 3286 caedit.
740 3212 811 3283 Per
822 3209 960 3311 aliquot
975 3287 981 3301 ,

150 3321 224 3397 dies
244 3342 424 3426 pugnatur
448 3328 594 3422 acriter,
618 3325 730 3400 multa
756 3325 872 3398 millia
899 3329 963 3400 ho·

151 3439 292 3518 minum
325 3471 369 3517 ex
402 3459 554 3545 utraque
586 3461 686 3544 parte
722 3442 962 3522 trucidentur.
