2160 4132
242 365 429 412 sununs
456 363 512 410 nn
538 364 695 416 rnort.
800 346 876 416 215.

50 499 98 547 no
125 475 303 549 occurrit:
320 473 486 572 proelium
505 501 585 548 acre
603 491 639 548 et
656 476 870 566 iracundum

51 591 103 662 fit
122 621 130 660 ε
151 589 365 664 fortissimus
387 590 538 690 quisque
559 591 742 689 inprimis
763 593 868 668 cadit.

58 710 199 781 Hector
218 707 423 783 Patroclum
449 707 603 803 occidit,
623 724 659 782 et
681 736 766 783 eum
787 726 874 807 spo-

56 823 144 898 liare
160 841 273 924 parat.
288 825 432 900 Merion
444 851 528 898 eum
543 852 587 899 ex
598 824 673 900 acie
686 853 731 900 ne
747 825 878 925 spolia·
959 831 962 840 “

59 955 159 1014 retur
179 942 322 1042 eripuit.
350 944 491 1018 Hector
516 941 720 1017 Marionem
750 930 896 1041 perse-⁸

58 1057 182 1156 quitur
205 1075 240 1133 et
266 1057 407 1135 occidit.
426 1061 548 1160 Quem
571 1084 686 1162 quum
706 1058 872 1134 similiter

60 1175 212 1273 spoliare
234 1175 359 1270 veltet,
382 1175 527 1252 advenit
548 1175 728 1275 suppetias
750 1179 877 1252 Mnes-

61 1293 183 1387 theus,
206 1293 380 1369 Hectoris
401 1293 523 1366 femur
545 1293 706 1367 sauciat:
731 1295 873 1373 saueius

63 1435 210 1509 quoque
229 1409 344 1482 multa
359 1407 470 1480 millia
488 1407 619 1482 occidit
636 1439 644 1480 :
662 1425 698 1482 et
715 1435 880 1507 perseve-

66 1542 176 1600 rasset
213 1525 371 1605 Achivos
396 1523 541 1598 mittere
566 1523 605 1598 in
636 1526 781 1627 fugam,
811 1524 892 1603 nisi·

63 1642 192 1718 obvius
209 1641 259 1716 itti
275 1643 370 1744 Ajax
383 1639 617 1717 Telamonius
631 1641 754 1717 fuisset
762 1670 773 1732 ς
793 1668 880 1718 cum

66 1759 247 1860 quodum
272 1759 575 1862 congrederetur,
603 1758 771 1860 cognovit
793 1785 879 1836 eum

67 1902 142 1953 esse
162 1877 207 1951 de
219 1875 391 1979 sanguine
407 1900 473 1949 suo
491 1905 499 1946 :
519 1888 596 1948 erat
617 1875 715 1949 enim
732 1876 777 1950 de
796 1879 880 1952 He-

67 1993 167 2066 siona
194 2019 317 2067 sorore
346 1991 479 2068 Priami
511 2005 625 2065 natus.
653 1993 737 2091 Quo
769 2009 874 2090 pacto

70 2111 210 2182 Hector
225 2134 247 2179 a
260 2106 408 2183 navibus
421 2107 544 2206 ignem
563 2106 742 2180 removeri
758 2106 882 2204 jussit,

73 2238 109 2297 et
126 2222 269 2323 utrique
291 2246 327 2297 se
349 2220 503 2296 invicem
527 2238 826 2318 muneraverunt,
846 2239 882 2300 et

73 2338 178 2415 amici
195 2339 439 2420 discesserunt.
