2160 4132
244 447 400 498 niune
434 423 744 508 araterrium
857 421 914 514 55-

88 557 205 644 visum
225 575 297 652 est,
321 559 524 636 convivium
539 559 679 658 publice
694 555 911 657 coeptumin

88 676 226 751 honore
239 679 397 770 ducum,
415 676 585 776 coitaeque
595 677 710 779 pacis,
718 679 915 751 Antenore:

91 794 312 869 deserviente
324 793 477 887 Graecis,
495 809 602 895 atque
611 793 712 873 omni
720 794 830 868 modo
841 795 915 873 bel-.-

93 911 203 1010 nigne
220 911 409 999 exhibente
422 928 562 986 cuncta.
578 914 629 992 At
639 910 728 985 lucis
741 911 840 987 initio
851 937 908 988 se-

95 1054 298 1108 aesomnes
314 1031 358 1104 in
366 1028 479 1113 aedem
491 1029 664 1109 Minervae
677 1030 917 1107 conveniunt·²

94 1149 135 1218 In
149 1145 246 1245 queis
259 1147 430 1228 ⁴Antenor
448 1147 580 1243 refert,
597 1147 759 1222 missosa
775 1143 920 1222 Graecis.-

93 1261 650 1363 superconditionibuspraedietae
660 1264 908 1364 pacis‚decem
953 1293 955 1295 ’

92 1376 203 1453 lectos
215 1379 330 1465 viros:
349 1383 517 1479 quos'ubi
540 1380 669 1457 deduci
687 1381 726 1463 in
742 1396 921 1457 senatum.

95 1494 251 1592 placuit,
270 1512 307 1570 et
319 1497 453 1568 dextrae
465 1495 620 1569 invicem
632 1499 721 1569 datae
734 1513 839 1595 atque
849 1513 910 1571 'ac-

96 1627 210 1709 ceptae
229 1627 329 1704 sunt,
347 1625 507 1684 statuunt
520 1611 614 1686 inter
626 1628 666 1687 'se
677 1613 728 1686 uti
742 1611 912 1712 proximo

96 1728 177 1822 die,
197 1729 316 1828 campi
334 1729 457 1807 medio
480 1745 588 1831 atque
602 1730 640 1804 in
661 1756 725 1805 ore
744 1729 924 1808 omnium,

97 1871 174 1920 aras
186 1860 359 1940 statuant,
369 1847 407 1919 in
421 1847 520 1948 queis
534 1847 644 1924 fidem
657 1846 753 1947 pacis
764 1845 912 1949 jurisju-

96 1964 199 2037 randi
208 1964 437 2066 religionibus
451 1966 767 2067 firmarentQueis
774 1965 913 2066 perfec·
968 2000 969 2006 ¹

100 2081 165 2175 tis,
178 2082 374 2167 Diomedes
397 2098 503 2182 atque
521 2083 670 2183 Ulysses
683 2085 803 2184 jurare
818 2082 913 2158 ocei-

98 2194 227 2298 piunt,
240 2224 495 2297 permansuros
503 2199 638 2272 seineo
647 2201 818 2298 quodsibi
828 2229 915 2277 cum

103 2320 291 2391 Antenore
317 2314 556 2409 convenisset,
577 2328 755 2416 testesque
774 2317 813 2390 in
833 2345 916 2392 eam

102 2462 180 2508 rem
203 2438 333 2508 Jovem
352 2432 534 2508 summurn
543 2491 555 2528 ,
570 2438 723 2510 Terram
740 2450 915 2530 matrem,

102 2551 254 2645 Solem,
282 2556 445 2647 Lunam,
475 2569 582 2656 atque
607 2552 796 2629 Oceanum
822 2554 914 2629 fore.

103 2670 196 2743 Dein
213 2671 336 2745 excisis
351 2670 391 2743 in
408 2687 526 2769 partes
544 2675 631 2746 duas
644 2672 766 2748 hostiis
779 2701 858 2772 quae
870 2673 917 2744 ad

104 2810 186 2860 eam
199 2813 278 2857 rem
291 2787 444 2875 admotae
456 2790 628 2881 erant,ita
643 2791 696 2860 uti
707 2816 791 2884 pars
806 2790 853 2860 ad
864 2813 920 2859 so-

105 2899 195 2990 lem,
206 2884 389 2970 residuum
399 2901 445 2969 ad
454 2924 559 2973 naves
571 2913 759 2997 spectaret,
769 2925 923 2997 perme-

105 3015 208 3090 dium
230 3019 423 3115 transeunt.
445 3011 540 3087 Dein
553 3018 719 3090 Antenor
734 3014 773 3096 in
793 3017 922 3094 eadem
989 3050 991 3055 ¹

105 3131 214 3211 rerba
228 3128 399 3228 placitum
408 3129 609 3206 confirmat.
619 3137 672 3206 lta
680 3134 842 3232 perfeeto
856 3163 929 3231 nes

106 3249 231 3353 gotio,
251 3249 297 3322 ad
314 3264 396 3324 suos
415 3251 567 3352 quisque
579 3252 723 3328 abeunt.
738 3256 929 3347 Caeterum,

106 3368 253 3480 Barbari
278 3371 502 3458 Antenorem
525 3370 675 3445 summis
696 3375 825 3448 efferre
843 3375 934 3471 lauyg

106 3483 231 3581 dibus,
248 3485 496 3568 advenientem
523 3487 661 3594 singuli
683 3490 783 3592 quasi
803 3482 919 3570 deum

295 3636 299 3643 ·
721 3633 770 3680 2..
