2160 4132
180 392 229 486 54
364 418 539 465 ournnr
568 419 622 466 nr
648 419 811 470 ruore.

179 551 413 602 memnonem
444 527 589 604 adversa
618 533 841 628 praenunciat
868 559 877 602 t
904 531 992 605 insi·

178 646 253 721 dias
277 646 418 746 quippe
439 674 483 722 ex
501 648 644 724 occulto
669 651 874 754 caedemque
890 651 995 725 dorni

178 788 246 866 per
260 790 341 839 suos
361 767 600 866 compositam
617 787 813 868 epraeterea
825 770 992 846 universo

173 883 350 960 'exercitui
362 885 681 984 profectionemad
693 913 775 962 suos
787 889 993 964 incommo-

176 1001 288 1097 dam,
315 1001 576 1102 exitialemque.
602 1003 700 1075 Inter
726 1029 805 1101 quae
825 1007 998 1080 Antenor

178 1147 264 1196 eum
281 1119 353 1192 suis
367 1119 513 1192 ¹Graecos
529 1143 654 1210 orare,
672 1117 881 1194 omitterent
898 1121 969 1194 iras
978 1178 997 1215 ,

178 1253 286 1336 atque
309 1251 461 1338 urgente
481 1236 614 1338 navigii
637 1251 802 1334 tempore
824 1238 863 1310 in
886 1263 998 1312 com-

176 1378 291 1428 mune
302 1352 539 1429 consulerent.
555 1356 732 1430 Praeterea
743 1346 872 1436 omnes
884 1354 1002 1429 duces

104 1481 113 1484 “
179 1470 227 1545 ad
247 1498 284 1547 se
306 1471 491 1571 epulatum
508 1471 652 1545 deducit
668 1503 676 1541 :
692 1471 815 1572 ibique
835 1459 1000 1573 singulos-

179 1618 291 1693 quam
310 1576 477 1666 maximis
490 1588 593 1693 donis
612 1586 736 1688 replet.
753 1593 860 1664 Tune
880 1590 995 1666 Graeci

177 1709 304 1791 AEneae
329 1711 502 1803 suadent,
530 1736 653 1783 secum
678 1708 732 1781 uti
755 1706 793 1780 in
817 1707 994 1784 Graeciam

182 1828 339 1928 naviget,
352 1827 402 1898 ibi
416 1853 573 1926 namque
590 1825 623 1898 ei
635 1823 750 1899 simile
765 1853 848 1914 cum
862 1826 998 1913 caeterIs

182 1943 332 2016 ducibus
352 1945 431 2042 jus,
452 1942 626 2044 regnique
651 1943 819 2018 eamdem
836 1957 1000 2043 potesta-

182 2072 258 2135 tem
284 2060 374 2133 fore.
405 2060 669 2158 Neoptolemus
701 2059 793 2133 lilios
823 2061 996 2135 'Hectoris

182 2179 327 2255 Heleno
347 2178 509 2253 concedit
529 2210 537 2250 ε
555 2179 728 2253 Praeterea
740 2178 868 2279 reliqui
888 2179 996 2253 duces

183 2299 262 2372 auri
278 2315 385 2400 atque
405 2298 544 2398 argenti
570 2297 921 2398 quantumsingulis
941 2296 1001 2371 vi-

185 2444 266 2490 sum
280 2433 344 2491 est.
363 2415 457 2489 Dein
476 2414 624 2489 consilio
640 2414 762 2488 habito
781 2415 997 2519 decernitur,

185 2534 237 2606 uti
251 2560 319 2632 per
332 2525 494 2606 triduum
508 2533 615 2605 funus
629 2532 750 2634 Ajacis
763 2532 906 2633 publice
923 2560 998 2606 sus-

185 2654 376 2750 ciperetur.
389 2651 652 2751 Itaqueexactis
661 2652 715 2724 his
725 2652 850 2725 diebus
858 2709 871 2746 ,
880 2651 1000 2728 cuncti

185 2797 288 2874 reges
308 2770 452 2846 romain
465 2769 606 2843 tumulo
625 2771 702 2871 ejus
715 2770 913 2868 deponunt.
929 2759 1000 2844 At-

185 2887 1000 2992 queexincontumeliisAgamemnonem,fra-

187 3021 355 3107 tremque
370 3035 494 3108 agere,
511 3033 642 3106 eosque
659 3031 734 3078 non
752 3005 918 3098 Atridas,
936 3004 1000 3077 sed

187 3123 439 3220 Plisthenidas,
453 3139 488 3198 et
505 3126 553 3198 ob
567 3125 604 3198 id
618 3123 792 3227 ignobiles
807 3121 998 3222 appellare.
1021 3152 1024 3157 ·

187 3243 310 3341 Quare
332 3243 466 3337 coacti,
488 3243 593 3317 simul
609 3243 663 3316 uti
687 3242 815 3317 odium
832 3241 887 3314 sui
906 3241 1003 3349 apud

189 3358 388 3434 exercitum
401 3387 467 3460 per
481 3361 678 3436 absentiam
690 3360 883 3453 leniretur,
898 3373 1005 3433 orant

188 3477 243 3550 uti
259 3477 325 3552 sibi
337 3477 434 3554 abire
448 3507 467 3553 e
480 3496 673 3577 conspectu
686 3504 814 3554 eorum
826 3477 903 3552 sine
912 3501 1010 3550 noxa
