2160 4132
187 322 236 393 to
370 340 548 397 unauna
577 345 632 391 nu
660 343 816 392 ruore.

188 479 258 553 que
268 453 572 530 secumcoetiam
580 471 662 554 post
674 456 796 555 patriae
806 451 1002 545 excidium,

187 570 309 645 multis
328 574 599 672 tempestatibus
620 574 658 647 in
682 575 819 652 Graecia
836 586 1003 653 moratu·

187 715 282 765 rum.
304 694 429 792 ltaque
449 709 490 765 ut
507 692 652 768 Heleno
669 693 869 792 placuerat,
886 689 1001 767 multa

186 809 355 884 materies
366 835 448 912 quae
462 827 545 908 apta
560 811 769 907 hujusmodi
786 809 927 884 fabricae
942 805 1000 882 vi-

185 924 358 1020 debatur,
377 952 443 1025 per
457 928 598 1026 Epeum
609 941 719 1026 atque
733 926 884 1024 Ajacem
904 922 1001 999 Oilei

187 1042 346 1121 advectu

455 1705 647 1777 CAPUT
683 1705 751 1776 X.-

236 1864 406 1934 Inrannu
421 1855 622 1932 flrmatores
628 1868 739 1956 pactae
747 1853 895 1955 pacisad
901 1855 1006 1932 Tro·

186 1980 263 2080 jam
276 1991 381 2072 eunt,
399 1976 525 2050 decem
542 1974 624 2050 lecti
637 1976 767 2068 duces,
782 1972 1000 2070 Diomedes,

186 2097 356 2200 Ulysses,
384 2095 619 2187 Idomeneus,
637 2094 731 2194 Ajax
752 2091 1000 2188 Telamonius,

186 2216 344 2308 Nestor,
376 2212 581 2307 Meriones,
611 2213 752 2306 Thoas,
779 2211 1007 2306 Philocteta,
1029 2243 1031 2251 ¹

187 2333 472 2434 Neoptolemus,
487 2347 595 2432 atque
607 2329 778 2406 Eumelus
795 2361 803 2401 :
831 2356 921 2432 quos
935 2319 1011 2404 ubi

187 2452 225 2526 in
240 2454 321 2527 foro
334 2450 621 2526 animadvertere
632 2448 841 2549 populares,
851 2447 1002 2524 laetiani-

186 2566 268 2644 mos
280 2568 430 2662 tollunt,
449 2567 560 2642 finem
573 2569 648 2668 jam
662 2591 904 2642 aerumnarum
919 2591 1001 2640 cre·

131 2704 136 2721 ‘
186 2686 322 2776 dentes.
333 2690 459 2788 ltaque
470 2685 620 2788 singuli,
635 2684 774 2783 plures,
786 2683 840 2757 uti
849 2683 1003 2784 quisque

186 2821 411 2900 occurrerat,
428 2804 583 2909 benigne
595 2804 749 2897 adeunt,
767 2800 938 2894 salutant,
950 2815 1005 2873 at-

185 2951 260 3028 que
276 2924 495 3028 gratulantes
509 2920 769 2998 exosculantur.
792 2923 891 2995 Tum
901 2919 1006 2993 Pria-

186 3069 270 3119 mus
282 3070 351 3143 pm
362 3042 507 3118 Heleno
520 3067 624 3115 orare
635 3040 797 3134 Graecos,
808 3038 1005 3138 multisque

185 3162 354 3237 adhibitis
375 3159 569 3261 precibus,
590 3159 847 3235 commendare
870 3156 1011 3233 charis*

187 3280 322 3355 simum
335 3276 417 3371 sibi,
436 3293 472 3352 et
484 3277 579 3352 inter
594 3293 738 3353 caeteros
751 3276 1009 3351 dilectum'ma·

189 3400 248 3501 gis
261 3411 412 3499 propter
424 3396 666 3496 prudentiam.
682 3395 776 3472 Dein
788 3395 852 3478 ubi
864 3411 1011 3493 tempus
