2160 4132
257 420 396 473 atvar
423 393 696 481 ctrtourlztur.
834 406 884 484 29

68 531 235 610 omnium
268 532 463 625 sententia,
490 531 645 633 reliquus
671 523 774 604 miles
800 547 882 598 rem
949 562 955 571 κ

70 655 267 756 cognoscit.
292 682 297 691 ·
885 670 888 675 ·

262 826 264 829 ’
329 843 628 917 caperrat.

121 997 180 1070 Or
194 997 389 1096 quaeplacet
396 992 568 1071 universis
576 1047 588 1087 ,
602 988 700 1065 mitti
709 991 892 1067 Minerva

74 1111 208 1186 donum
226 1140 335 1214 quam
354 1110 684 1187 honoratissimum.
707 1111 807 1184 Tum
821 1133 889 1181 ac-r.

68 1228 157 1304 citus
177 1226 224 1303 ad
244 1255 325 1303 eam
347 1257 427 1303 rem
446 1228 633 1322 Helenus,
654 1241 782 1302 cuncta
803 1251 883 1327 quae

67 1345 160 1422 clam
179 1372 216 1420 se
234 1361 333 1447 gesta
346 1360 465 1440 erant,
486 1375 528 1422 ac
542 1345 571 1418 si
583 1370 736 1445 praesens
747 1342 882 1417 adfuis-

67 1479 141 1555 set,
160 1462 287 1536 ordine
301 1462 471 1559 exponit,
490 1462 658 1559 additque
679 1463 791 1536 linem
807 1461 883 1559 jam

69 1575 255 1655 advenisse
262 1577 507 1676 Trojanarum
514 1575 802 1674 rerumzquippe
809 1601 884 1675 qno

68 1690 885 1790 niaximesustenteretursummacivitatisejus,

67 1812 264 1888 Palladium
278 1811 387 1887 luisse
394 1843 406 1902 ‚·
420 1836 494 1914 quo
507 1808 645 1905 ablato,
662 1811 813 1886 exitium
823 1810 882 1883 in-

68 1957 219 2033 gruere:
236 1944 404 2006 caetcrur'n
418 1930 557 2006 donum
578 1930 750 2005 Minervae
773 1926 880 2003 letale

68 2046 235 2146 Trojanis
253 2050 353 2142 esse,
372 2075 509 2149 equum
527 2047 625 2149 ligno
640 2038 880 2120 fabrefactum

11 2162 15 2169 ’
65 2161 185 2267 forma
207 2163 369 2263 ingenti,
391 2166 493 2262 cujus
515 2163 762 2264 magnitudine
783 2163 882 2236 muri

65 2277 229 2355 solvendi
243 2292 380 2371 essent,
392 2278 573 2355 adnitente
586 2285 693 2377 atque
707 2278 881 2358 adminis·

65 2413 125 2470 tro
138 2398 325 2469 Antenore
346 2428 355 2468 :
379 2397 462 2471 dein
475 2396 681 2472 recordatus
692 2409 892 2497 parentem.

63 2513 246 2587 Priamum
260 2515 493 2617 residuosque
506 2516 655 2611 fratres,
668 2515 795 2592 fletum
805 2513 879 2589 edit
894 2496 897 2501 .

62 2632 321 2728 miserabilem,
338 2636 661 2739 'consternatusque'
683 2662 751 2733 per
771 2631 879 2707 dolo-

60 2775 140 2823 rem
156 2765 262 2848 atque
275 2753 541 2848 obstupefactus
561 2751 645 2826 ruit.
667 2756 766 2826 Tum
784 2753 879 2847 Pyr-

61 2865 150 2936 rhus
161 2865 351 2937 collectum
364 2868 471 2956 eum,
483 2869 735 2960 refectumque
749 2862 880 2955 animi,

60 2981 107 3055 ad
121 3005 158 3052 se
171 2977 334 3071 deducit,
353 2978 590 3080 custodesque
605 2976 726 3072 addit,
746 2976 889 3053 veritus

57 3125 104 3173 ne
118 3123 190 3196 qna
202 3122 271 3193 per
286 3093 543 3171 eumhostibus
555 3122 635 3196 quae
647 3110 744 3196 gesta
762 3112 885 3194 erant,

58 3213 279 3315 patefierent.
306 3213 417 3314 Quod
426 3215 490 3288 ubi
505 3213 668 3289 Helenus
680 3217 889 3314 persensit,-.

56 3333 236 3434 Pyrrhum
250 3331 305 3405 uti
313 3332 453 3407 bonum
465 3333 631 3408 animum
640 3353 781 3439 gereret
791 3337 873 3413 hor·

58 3466 152 3525 tatur
159 3504 172 3548 ,
181 3476 347 3562 securum
355 3450 430 3550 sui,
441 3468 755 3563 secretorumque:
768 3483 875 3565 itam·v
