2160 4132
202 341 260 421 226
394 367 568 416 evenne
599 373 654 420 un
680 372 837 423 ruore.

141 558 149 567 ,
196 506 313 557 unum
327 479 521 556 discessum
537 515 546 555 ε
564 498 671 587 atque
686 487 812 562 eadem
826 506 933 566 nocte
944 492 1024 578 An-

196 614 313 675 -tenor
329 598 423 674 clam
444 599 482 675 in
501 604 681 702 templum
704 606 877 685 Minervae
902 609 1022 705 venit,

205 714 268 807 ubi
278 715 399 792 multis
408 721 574 818 precibus
584 722 619 799 vi
627 706 748 799 mixtis
756 724 906 800 Theano
913 751 1020 826 „quae

195 833 238 910 ei
250 835 386 936 templo
399 841 562 913 sacerdos
571 857 648 913 erat
662 838 826 938 impulit,
841 841 895 916 uti
906 841 1018 934 Palla?

13 1057 22 1069 .
107 1010 110 1015 »
202 951 306 1031 dium
330 952 397 1031 sibi
420 956 576 1028 traderet
598 985 607 1024 ε
626 955 830 1029 habituram
856 987 1016 1060 namque

201 1088 334 1172 magna
342 1072 419 1169 ejus
432 1070 483 1144 rei
491 1069 649 1169 proemio.
660 1073 713 1142 Ita
727 1071 889 1167 perfecto
903 1101 1018 1172 nego-

201 1190 254 1261 tio
276 1187 479 1261 adnostros
500 1185 619 1281 venit,
643 1185 770 1288 hisque
790 1186 1014 1286 promissum

198 1307 334 1380 offert:
354 1318 482 1382 ve'rum
493 1305 531 1381 i'd
542 1305 658 1381 Graeci
670 1305 884 1382 obvolutum
895 1306 1012 1400 benet,

201 1449 275 1524 quo
285 1450 329 1498 ne
337 1422 516 1524 intelligia
525 1439 711 1524 quoquam
722 1439 864 1521 posset,
877 1422 1017 1498 vehicu-

196 1539 289 1616 load
300 1539 598 1648 tentoriaUlyssis
608 1540 898 1638 pernecessarios
909 1540 1014 1615 fidos·

200 1687 270 1761 que
279 1686 361 1734 suos
369 1658 569 1733 remittunt.
581 1656 727 1731 Atlucis
736 1656 913 1756 principio
924 1673 1017 1756 post·

198 1805 311 1876 quarn
332 1791 474 1850 senatus
494 1790 658 1865 coactus,
679 1791 715 1849 et
732 1775 844 1849 nostri
863 1775 1014 1875 ingressi

194 1908 282 1969 <sunt
294 1948 307 1985 ‚
321 1894 487 1967 Antenor
504 1891 614 1967 veluti
625 1892 852 1986 iracundiam
861 1894 1013 1967 Graeeo-

195 2038 281 2097 rum
291 2026 476 2104 metuero,
491 2010 632 2086 venium
647 2037 749 2086 orare
763 2027 913 2103 eorum,
931 2039 1011 2110 quae

196 2129 389 2208 adversum
399 2155 460 2202 eos
470 2153 539 2228 pro
548 2127 662 2226 patria
671 2129 826 2203 exertius
833 2126 1012 2201 disseruis-
1028 2211 1050 2218 ,—

194 2262 262 2324 eet.
276 2247 370 2323 Dein
382 2247 550 2349 Ulysses‚
568 2273 642 2324 non
653 2274 689 2320 se
700 2247 753 2320 his
764 2245 926 2338 moveri,
944 2271 1011 2319 ne-

193 2394 268 2467 que
281 2366 481 2468 indignari,
496 2367 559 2441 sed
568 2367 667 2465 quod
679 2364 760 2440 finis
772 2365 809 2438 in
823 2363 1011 2472 tractando!

193 2511 271 2559 nou
281 2483 695 2557 adhibereturznraxime
703 2508 816 2582 quum
825 2494 1008 2578 opportu-

192 2629 285 2680 uum
295 2601 340 2678 ad
350 2597 848 2704 navigendnmtempusbtevi
856 2610 1006 2694 praeter·
1059 2658 1063 2662 .

192 2719 301 2798 nolet.
318 2721 417 2796 Tum
428 2720 544 2795 multo
560 2719 714 2798 invicem
726 2711 847 2788 habito
861 2737 1005 2788 sermo-

190 2864 241 2916 ne
253 2891 266 2935 ,
283 2840 330 2916 ad
344 2842 569 2939 postremum
580 2837 674 2912 binis
684 2831 842 2908 natibus
854 2831 1008 2906 talento-

190 2962 278 3032 rum
302 2957 382 3036 'auri
403 2975 510 3060 atque
537 2953 678 3058 argenti
701 2979 782 3035 nem
807 2950 1001 3028 decidunt:

192 3077 294 3178 quod
304 3076 358 3150 uti
369 3077 415 3150 ed
432 3096 514 3153 suos
527 3075 723 3164 referrent,
742 3069 859 3146 Greci
875 3069 921 3144 ed
939 3094 1005 3140 na-

190 3216 252 3270 ves
264 3192 406 3267 abeunt.
421 3192 475 3267 lbi
489 3189 672 3269 conductis
684 3187 856 3280 ducibus,
874 3198 1004 3260 'cuncta

187 3309 282 3389 dicta
294 3326 463 3413 gestaque
470 3325 655 3410 exponunt
666 3340 674 3381 ι
685 3305 881 3381 Palladium
895 3301 1005 3376 etiam

184 3429 343 3516 ,ablatum
365 3455 431 3530 per
444 3431 668 3510 Antenorem
685 3427 827 3504 docent.
845 3422 941 3501 Dein
963 3445 1008 3496 ex
