2160 4132
128 287 199 338 210
310 283 486 338 GUERRE
515 283 569 331 DE
597 281 749 332 Tuom.

79 435 100 447 ·-
128 401 244 475 terdiu
264 400 358 476 foret
369 457 381 492 ,
399 397 604 471 Palamedes
625 396 751 470 suadet
773 411 814 469 et
834 398 948 473 ratio-

128 545 214 591 nem
239 518 357 610 addit,
381 517 460 590 luce
488 514 534 588 ad
560 516 712 613 Trojam
738 518 947 591 exscensio-

129 662 216 708 nem
240 635 317 708 fieri
341 648 529 731 oportere,
554 647 590 704 et
612 656 765 704 manum
784 633 945 707 hostium

132 751 271 826 deduci.
286 753 411 851 ltaque
426 772 553 822 omues
565 745 599 820 ei
618 747 820 822 assentiunt
839 781 848 822 ε
864 747 945 826 con-

133 869 226 944 sulto
239 867 554 968 Agamemnonem
564 863 776 962 praeficiunt.
792 870 944 970 Legatos

135 986 181 1061 ad
188 985 368 1085 Mysiam,
382 999 599 1082 caeterosque
611 980 709 1056 locos
722 981 903 1078 mittunt,¹
910 1001 946 1057 ut

136 1099 306 1178 exercitui
334 1115 558 1175 commeatus
588 1101 856 1196 supportandos
882 1129 947 1177 cu-

137 1232 239 1311 rent,
268 1216 443 1291 Thesidae
465 1215 810 1319 Demophoontem,
839 1219 947 1292 Atha·

138 1351 322 1430 mantem,
352 1350 388 1410 ct
409 1333 558 1408 Anium.
585 1332 724 1408 Deinde
751 1337 949 1412 exercitum

140 1441 187 1527 ad
212 1452 424 1528 concionem
448 1466 638 1544 convocat,
658 1449 862 1547 collaudat,
885 1454 952 1527 im-

140 1583 264 1670 perat,
288 1571 451 1644 hortatur
476 1600 484 1640 :
514 1581 642 1641 monet
665 1565 882 1669 diligenter,
911 1587 953 1644 ut

135 1687 239 1763 'dicto
255 1687 487 1761 obaudientes
509 1701 635 1759 essent.
655 1684 766 1785 Signo
783 1687 868 1762 dato
886 1715 956 1761 na-

121 1860 124 1865 ·
142 1828 204 1880 ves
219 1802 381 1895 solvunt,
403 1818 478 1876 tota
499 1802 615 1877 classis
634 1802 672 1874 in
685 1801 875 1880 latitudine
891 1822 955 1880 ac-

143 1921 236 1996 cedit
252 1921 297 1994 ad
319 1921 490 2021 Trojam,
507 1920 625 1994 littora
639 1919 791 2019 Troiani
808 1921 953 1997 fortiter

145 2038 353 2114 defendunt.
377 2038 588 2113 Protesilaus
608 2037 645 2110 in
659 2053 792 2112 terram
806 2065 958 2115 exscen-

145 2158 284 2232 sionem
309 2157 414 2253 facit,
437 2157 557 2260 fugat,
580 2155 691 2231 caedit.
716 2156 785 2231 Cui
814 2161 958 2234 Hector

146 2275 291 2351 obviam
309 2276 424 2368 venit,
440 2291 475 2348 et
496 2302 580 2349 eum
597 2273 794 2368 interfecit,
810 2293 960 2352 caeteros

147 2390 368 2488 perturbavit
384 2421 392 2460 ε
411 2392 506 2463 unde
521 2394 661 2466 Hector
677 2393 884 2486 recedebat,
906 2395 959 2467 ibi

148 2503 298 2603 Trojani
332 2504 560 2607 fugabantur.
596 2511 785 2610 Postquam
817 2510 975 2608 magnax

129 2621 260 2699 ,cades
275 2622 443 2723 utrinque
466 2624 559 2700 facta
579 2642 652 2719 est,
674 2623 815 2701 advenit
832 2625 958 2698 Achil-

64 2841 71 2849 (
147 2740 227 2816 les:
250 2741 279 2815 is
304 2734 422 2817 tbtum
446 2744 640 2818 exercitum
664 2744 701 2816 in
719 2745 844 2844 fugam
866 2767 959 2816 con-

149 2859 278 2950 vertit,
296 2860 505 2960 redegitque
524 2861 562 2933 in
580 2862 742 2961 Trojam.
762 2860 848 2933 Nox
859 2886 959 2958 proe-

143 2968 237 3048 lium
255 2975 411 3068 dirimit,
429 2979 685 3076 Agamemnon
707 2976 905 3051 exercitum
920 2977 959 3049 in

147 3108 280 3167 terram
302 3093 440 3187 educit,
462 3110 574 3169 castra
602 3096 696 3170 facit.
728 3098 874 3168 Postera
899 3096 957 3169 die

133 3211 287 3291 ‚Hector
300 3210 495 3283 exercitum
511 3240 554 3286 ex
574 3213 663 3285 urbe
679 3211 821 3303 educit,
838 3226 873 3284 et
886 3211 960 3284 ins-

145 3325 243 3398 truit.
262 3326 515 3426 Agamemnon
537 3344 660 3421 eontra
675 3328 833 3402 clamore
850 3356 960 3429 mag-
