2160 4132
150 344 196 411 2'2
335 360 510 415 cunnus
539 366 591 415 nc
618 366 771 417 rnors.

150 501 171 542 n
197 471 298 547 fectis
321 473 477 572 injuria,
503 473 622 551 ucisci
640 476 758 552 hostes
774 503 856 552 suos
877 479 957 555 tinis

150 617 169 658 u
196 604 248 662 est
263 592 406 665 u.Tum
419 590 575 665 Panthus
588 592 843 693 inproximum
855 596 953 673 diem

146 703 288 778 ueniam
300 705 518 782 deliberandi
530 724 620 784 orat.
635 713 688 787 [ta
696 714 807 789 nostri
818 713 864 788 ed
877 715 953 798 An·

105 903 109 913 ι
142 833 307 915 tenorem
335 824 468 902 abeunt
476 880 497 922 ,.
523 820 631 929 atque
658 827 745 935 inde
771 829 809 907 iu
834 828 950 907 aedem

142 935 322 1020 Minervae.

383 1442 690 1554 cirurvn.

172 1635 343 1707 lurnnru
356 1628 940 1729 cognoscituriuapparaturernm

136 1744 338 1822 divinarum
365 1759 575 1839 portentum
605 1743 730 1844 ingens
754 1772 763 1814 ε
785 1771 942 1847 namque

134 1860 206 1935 aris
229 1857 427 1956 composita
447 1883 630 1951 sacrorum
646 1877 832 1956 consueta,
855 1888 942 1938 mox

61 2042 68 2053 .
134 1975 315 2076 subjectus
333 1974 425 2078 ignis
442 2001 516 2051 non
531 1979 857 2076 comprehendere,
872 2007 941 2057 ne-

134 2117 207 2195 que
225 2116 435 2169 consumere
456 2093 509 2166 uti
527 2111 648 2188 antea,
663 2094 725 2168 sed
744 2096 936 2195 aspernari.

133 2212 267 2313 Quare
278 2210 412 2283 turbati
424 2199 632 2313 populares,
645 2211 751 2285 simul
763 2212 816 2286 uti
828 2211 937 2289 fidem

130 2326 254 2403 nuncii
269 2343 475 2420 noscerent,
491 2328 648 2402 adaram
664 2329 838 2427 Apollinis
852 2355 940 2404 con·

122 2442 273 2536 fluunt,
301 2458 408 2542 atque
436 2441 486 2514 ibi
511 2444 742 2543 superpositis
768 2458 935 2517 extorum

131 2557 293 2656 partibus
296 2613 310 2651 ,
318 2557 380 2630 ubi
393 2558 538 2653 flamma
549 2560 693 2633 admota
705 2571 775 2649 est,
786 2572 934 2652 reponte

131 2690 260 2773 cuncta
270 2701 348 2776 quae
363 2673 501 2750 inerant
513 2677 726 2764 disturbata,
739 2672 786 2744 ad
798 2687 933 2749 terram

129 2790 299 2883 decidunt
314 2823 322 2863 :
336 2819 409 2894 quo
426 2793 625 2893 spectaculo
645 2789 815 2889 perculsis
825 2805 935 2892 atque

128 2908 287 2986 attonitis
299 2910 485 3003 omnibus,
499 2908 616 2982 subito
634 2906 708 2984 avis
720 2906 838 3007 aquila
857 2906 934 2983 stn'·

128 3024 216 3115 dore
225 3050 358 3125 magno
368 3018 533 3099 immittit
545 3049 619 3117 sese
625 3039 755 3123 ,atque
766 3039 931 3101 extorum

130 3154 271 3240 partem
292 3140 420 3241 eripit,
439 3167 598 3242 moxque
612 3140 861 3238 supervolans,
885 3140 932 3216 ad

127 3281 235 3340 naves
261 3257 476 3336 Graecorum
494 3256 631 3362 pergit,
649 3256 770 3361 ibique
787 3270 932 3356 raptum

120 3374 429 3482 .qmittit.1drero
443 3376 680 3473 Βιώαᾲωιι
689 3376 766 3477 jam
778 3373 932 3469 leverat
