2160 4132
134 328 180 402 56
320 325 495 399 suiuus
522 351 579 398 nn
607 350 764 400 raom.

135 459 297 536 consulto
321 490 341 536 a
366 463 499 538 Graecis
526 464 782 559 intercessum,
812 450 952 539 centif-

133 579 314 653 ruantibus
338 606 412 656 nou
436 609 473 657 se
501 607 667 683 passuros
692 583 785 657 intra
814 579 950 655 moenia

133 695 216 770 duci
233 723 390 799 equum,
404 702 616 802 priusquam
638 701 848 800 praedictum
867 695 948 770 aun‘

131 829 239 915 atque
262 817 400 919 argenti
420 818 564 913 pondus
574 818 805 913 susceperint.
824 821 878 889 Ita
890 815 947 886 iu-

129 935 294 1010 termisso
320 959 451 1030 opere,
472 930 723 1030 semimtisque
744 935 946 1026 moenibus‚

129 1053 277 1152 Ulysses
290 1047 767 1147 cunctoscivitatisTrojanae
776 1047 945 1140 artifices,

128 1167 176 1239 ad
189 1164 397 1238 reficiendas
410 1190 517 1241 naves
533 1163 712 1239 conducit.
728 1161 944 1260 Composita

127 1282 212 1357 dein
231 1281 394 1357 universa
415 1281 541 1375 classe,
564 1280 626 1353 ubi
649 1295 776 1353 cuncta
799 1277 945 1379 navigio

127 1399 319 1494 instructa,
342 1416 378 1474 et
402 1399 592 1496 praemium
618 1395 842 1495 persolutum
867 1411 938 1494 est,

127 1519 256 1621 jubent
281 1516 394 1592 nostri
417 1541 591 1619 peragere
616 1514 783 1613 incoepta.
816 1519 942 1614 Itaque

127 1637 306 1712 destructa
317 1661 509 1710 murorum
527 1647 646 1731 parte,
660 1659 742 1706 eum
757 1634 838 1732 joco
847 1689 860 1726 ,
873 1631 942 1706 las·

128 1751 291 1852 civiaque
310 1740 482 1824 induxere
503 1774 659 1850 equum,
681 1749 825 1823 feminis
848 1747 945 1822 inter

128 1895 166 1942 se
179 1885 285 1971 atque
302 1868 386 1946 viris
397 1868 561 1947 certatim
574 1867 750 1944 attrahere
764 1866 940 1943 festinan-

129 1985 239 2061 tibus.

318 2561 327 2569 ··
369 2521 558 2590 CAPUT
591 2521 696 2588 ΧΙΙ.

109 2730 114 2739 ’
173 2696 342 2770 Inurum
355 2691 469 2768 Graeci
483 2691 684 2767 ubicuncta
701 2719 725 2763 n
772 2674 938 2762 'busim-

127 2814 242 2915 posita
255 2808 739 2906 sunt,incensis0mniumta
786 2804 940 2893 maeuiis

127 2933 172 3005 ad
185 2931 340 3032 Sigeum
357 2930 546 3022 secedunt,
562 2928 684 3028 ibique
708 2941 853 3002 noctem
873 2948 944 3022 ορ-

127 3047 317 3145 periuntur
331 3079 339 3120 z
354 3045 452 3120 fessis
477 3046 560 3122 dein
586 3045 702 3120 multo
725 3045 942 3142 vincatque

126 3189 259 3239 somno
277 3163 459 3258 Barbaris,
483 3194 562 3267 quae
584 3160 737 3267 utraque
761 3188 827 3264 per
850 3158 946 3234 laeti·

127 3280 215 3355 tiam
234 3279 534 3383 securitatemque
548 3283 645 3383 pacis
658 3284 946 3367 intervenerant,

126 3400 245 3483 multo
259 3398 398 3480 silentio
414 3400 461 3479 ad
471 3402 652 3524 cigitatem
665 3402 835 3506 navigant
842 3413 860 3496 ,‘
869 3403 949 3473 s'er-
