2160 4132
254 374 440 423 ournnr
468 370 529 421 nn.
551 365 712 421 ruore:
820 342 894 415 225·

81 486 397 591 cadunt,plurirni
417 485 671 576 vulnerantur,
689 479 837 581 plurimi
853 479 896 555 io

81 607 266 689 curatione
286 604 503 680 moriuntur.
528 604 783 703 Agamemnon
804 597 898 679 mit-r

72 723 126 797 tit
143 724 189 797 ad
209 724 395 799 Priamum
416 722 573 824 legatos,
592 735 633 792 ut
653 714 810 791 inducias
828 710 897 797 tri'-

82 842 182 943 ginta
194 842 336 919 dierum
349 840 529 943 postulent
536 895 549 934 ,
564 853 606 912 ut
619 837 784 911 funerare
799 858 896 941 mor-

83 975 164 1035 tuos
183 962 308 1060 possit.
333 961 497 1039 Priamus
516 954 681 1035 consulto
705 952 791 1031 facit
800 1008 814 1048 ,
833 979 896 1029 an·

81 1078 243 1181 ruitque.

278 1258 483 1326 CAPUT
519 1253 692 1325 XXIV,

68 1466 72 1471 ·
130 1429 194 1500 Ar
204 1425 269 1498 uhi
280 1441 424 1522 tempus
439 1452 567 1523 pugnae
579 1420 804 1520 supervenit,
819 1421 895 1503 Ᾱιι·

80 1542 277 1618 dromacha
288 1564 381 1617 uxor
393 1538 563 1615 Hectoris
576 1538 614 1611 in
635 1537 770 1612 somnis
782 1536 894 1629 vidit,

81 1687 127 1734 ne
155 1663 296 1735 Hector
319 1659 359 1733 in
384 1684 548 1761 pugnam
575 1655 785 1755 procederet
818 1685 825 1727 ι
856 1671 892 1729 et

80 1804 194 1878 quum
222 1778 378 1854 adeum
405 1775 522 1852 visum
548 1775 724 1869 referret,
752 1776 892 1849 Hector

77 1893 266 1969 muliebria
274 1892 782 1994 verltaabjicit.Andromacha
790 1918 896 1967 nroes·

80 2027 113 2084 ta
129 2011 176 2084 ad
187 2012 374 2085 Priamum
386 2011 506 2103 misit,
523 2025 564 2085 ut
575 2010 625 2083 illi
645 2010 833 2106 prohibeat
845 2036 894 2095 ne·

78 2155 120 2201 ea
133 2127 191 2200 die
207 2141 397 2227 pugnaret.
410 2125 574 2199 Priamus
586 2125 792 2217 Helenum,
806 2125 897 2199 Ale·

79 2242 257 2317 raudrnm
266 2298 279 2337 ,
296 2240 484 2335 Troilum,
506 2241 662 2315 AEneam
675 2255 711 2314 et
724 2241 895 2314 Memno-

78 2389 164 2436 nem
176 2361 277 2462 iubet
290 2360 443 2456 accersi,
460 2374 501 2433 ut
512 2358 564 2433 illi
579 2359 616 2433 iu
630 2385 790 2462 pugnam
805 2382 896 2456 pro-

77 2481 196 2555 dirent
211 2511 220 2552 r
235 2478 274 2553 in
292 2506 456 2582 pugnam
474 2477 585 2553 misit.
606 2481 749 2555 Hector
759 2492 800 2555 ut
822 2476 889 2552 ista

76 2599 266 2700 cognovit,
288 2598 445 2673 multum
470 2598 657 2697 increpans
683 2598 811 2673 Andro
820 2624 901 2673 rnae

76 2719 203 2806 cham,
227 2741 327 2786 arma
348 2729 389 2787 ut
410 2714 591 2810 proferret
616 2715 800 2814 poposcit,
820 2740 893 2788 nec

77 2829 224 2907 retineri
235 2827 309 2902 ullo
325 2829 437 2904 modo
452 2829 583 2927 potnit.
598 2832 726 2903 Mursta
748 2828 895 2903 Andro

77 2950 204 3023 macha
229 2946 427 3021 summissis
450 2936 603 3048 capillis,
632 2942 917 3051 Astyanactem'

77 3067 191 3142 filium
217 3065 438 3166 protendens
468 3081 551 3141 ante
579 3065 689 3166 pedes
717 3065 893 3141 Hectoris

75 3212 161 3262 eum
183 3210 348 3263 revocare
370 3210 442 3259 non
463 3183 592 3283 potuit.
619 3187 727 3260 Tunc
742 3182 890 3283 planctu

73 3303 233 3382 femineo
246 3303 422 3403 oppidum
443 3301 619 3399 concitat,
638 3303 684 3379 ad
696 3302 888 3379 Priamum

74 3423 112 3496 in
123 3421 260 3524 regiam
273 3420 405 3518 currit,
418 3420 824 3524 refertquidinsomnis
837 3420 888 3498 ri

671 3564 742 3617 ro..
