2160 4132
238 396 240 399 ·
303 394 489 442 cunnus
515 390 570 438 nn
597 387 758 438 nnete.
868 386 936 436 201

127 521 210 583 cant
216 561 229 600 ,
244 505 416 608 domique
425 501 556 578 milites
568 500 701 603 magno
711 500 831 575 animo
844 486 942 578 eoin-

129 637 243 722 parat.
269 626 394 724 Quum
417 621 573 696 Achilles
592 615 752 716 Delphos
770 611 941 715 sanuses,

134 743 179 816 ad
193 742 379 818 orauilum
395 740 516 842 ¹pergit
530 771 541 813 ε
555 754 649 813 etex
665 735 780 838 adytis
792 758 944 849 respen-

132 859 259 934 detur:
277 863 419 948 Graecus
431 855 830 956 vietures5deeim0que
849 875 944 930 anno

115 979 285 1081 Trojsm
317 997 495 1080 capturos
518 976 678 1055 ‘Adrilles
700 971 943 1081 medicinas,

132 1096 221 1171 sicut
245 1098 464 1197 imperatum
488 1113 561 1192 est,
582 1081 688 1171 facie
706 1097 755 1170 -Et
774 1120 819 1169 eo
845 1109 943 1170 tern-
1038 1125 1041 1128 ’

131 1239 221 1312 pore
234 1232 380 1290 venerat
392 1216 540 1290 Calchas
553 1215 728 1287 Thestore
745 1227 867 1302 natus,
883 1209 944 1294 di-

134 1331 237 1404 vinus
244 1359 254 1418 3
286 1346 323 1403 et
350 1358 417 1427 pro
442 1329 645 1429 Phrygibus
668 1357 689 1401 a
717 1355 781 1401 suo
806 1327 948 1424 populo

136 1445 265 1518 missus
285 1447 380 1519 dona
404 1444 565 1542 Apollini
584 1446 759 1542 portabat.
779 1443 877 1517 Huic
901 1471 946 1518 ex
1042 1478 1044 1485 ·

138 1562 254 1662 adytis
274 1561 531 1659 respondetur,
555 1576 595 1634 ut
617 1589 701 1636 cum
725 1561 947 1662 Argivorum
1045 1636 1047 1640 Α

136 1677 245 1752 classe
262 1677 419 1752 militum
439 1693 563 1752 contra
583 1678 761 1777 Trojanos
781 1676 948 1777 proficis-

136 1810 257 1889 catur,
282 1821 415 1895 eosque
440 1821 503 1868 sua
527 1794 759 1896 intelligentia
782 1810 973 1890 moueat‚·‘

136 1939 183 1986 ne
208 1912 290 1986 inde
320 1911 503 1986 discedant
534 1912 654 2010 prius,
689 1940 800 2013 quam
835 1913 949 2013 Troja
1075 1977 1077 1980 ,

137 2045 241 2124 capta
250 2030 306 2100 sit.
319 2031 515 2127 Postquam
528 2029 563 2100 in
576 2029 700 2102 fanum
713 2045 862 2104 ventum
873 2045 948 2124 est,

138 2146 234 2218 inter
250 2170 287 2218 se
305 2143 462 2238 Achilles
473 2159 510 2216 et
521 2143 668 2219 Calchas
681 2170 849 2243 responsa
864 2171 951 2221 con·

140 2262 299 2336 tulerunt
319 2297 327 2338 :
345 2262 542 2364 gaudentes
558 2262 734 2362 hospitio,
754 2263 953 2340 amicitiam

141 2381 377 2476 confirmant,
401 2407 471 2467 una
495 2383 656 2457 Athenas
676 2382 953 2482 proficiscuntur

139 2516 177 2574 et
189 2499 420 2598 perveniunt:
439 2500 594 2586 Achilles
606 2503 733 2585 eadem
746 2503 784 2577 in
799 2503 952 2583 concilio
977 2505 980 2509 ’

139 2619 261 2692 refert.
287 2618 414 2718 Argivi
436 2620 613 2717 gaudent,
634 2622 867 2697 Calchantem
887 2649 953 2697 se-

142 2760 226 2808 cum
251 2731 449 2826 recipiunt,
473 2732 620 2807 classem
646 2734 799 2810 solvunt.
816 2736 953 2832 Quum
1008 2798 1010 2803 ,

144 2875 206 2924 eos
231 2861 459 2945 tempestates
482 2847 531 2920 ibi
562 2848 779 2942 retinerent,
805 2850 954 2929 Calchas

135 2995 187 3043 ex
208 2965 359 3067 augurio
381 2966 562 3064 respondit
588 2981 629 3040 ut
643 2967 808 3069 *primum
827 2996 956 3048 rever-s

143 3099 265 3157 tantur
282 3082 320 3156 in
337 3082 529 3179 Aulidem,
544 3099 584 3158 ut
594 3096 597 3105 ⁴
607 3071 729 3161 Diuinae
741 3087 956 3166 sacrificem·

139 3199 307 3288 Profecti
324 3200 549 3299 perveniunt.
579 3205 836 3305 Agamemnon
849 3208 955 3284 nia.-

138 3346 227 3404 ‚nam
251 3319 387 3418 placat,
412 3319 568 3421 dicitque
588 3321 691 3398 sociis
713 3323 860 3399 classem
878 3320 954 3403 sole·

139 3447 244 3535 nant,
275 3439 320 3524 ad
344 3439 495 3541 Trojam
521 3439 590 3521 iter
609 3440 751 3519 faciant.
784 3446 953 3521 Utuntur

753 3586 804 3661 9..

669 3722 675 3757 Ι
