2160 4132
203 381 270 453 ada·
379 401 556 457 ‚surana
586 402 640 447 nn
668 400 825 449 'rnorm

463 699 658 772 CAPUT
694 698 740 767 X.

247 871 309 943 Ar
325 894 412 944 vero
429 869 570 944 Helena
584 869 741 944 Menelai
761 894 874 963 uxor,
895 896 1017 973 quum·

200 984 404 1061 Alexander
419 985 457 1061 in
475 986 587 1060 insula
607 987 788 1088 Cytherea
801 1004 914 1080 esset,
937 989 1019 1086 pla-

202 1103 275 1178 cuit
290 1104 322 1178 ei
337 1131 380 1178 eo
398 1105 460 1179 ire.
476 1107 557 1207 Qua
570 1105 614 1179 de
629 1102 749 1178 caussa
762 1104 805 1179 ad
816 1103 914 1176 littus
925 1132 1019 1200 pro-

202 1220 315 1295 cessit
325 1223 386 1295 ubi
404 1222 525 1297 Dianae
545 1239 580 1298 et
595 1222 770 1321 Apollinis
787 1222 911 1294 fanum
930 1237 987 1294 est
1005 1253 1015 1294 :

202 1337 254 1410 ilii
268 1368 345 1413 rem
362 1340 517 1416 divinam
535 1340 676 1415 Helena
693 1341 810 1414 facere
825 1338 1020 1439 disposue-

202 1448 397 1557 ratssQuotl
411 1459 473 1532 ubi
489 1457 697 1533 nunciatum
716 1473 768 1530 est
782 1455 1018 1551 Alexandro,

204 1574 386 1653 Helenam
406 1577 452 1648 ad
470 1603 571 1650 mare
589 1575 745 1665 venisse,
763 1573 925 1648 conscius
942 1573 1020 1647 for-

204 1719 274 1766 mae
288 1718 376 1785 suae,
390 1691 427 1764 in
440 1709 633 1791 conspectu
649 1692 726 1792 ejus
743 1689 1019 1765 ambulare-cee-

205 1809 281 1904 pit,
296 1808 442 1903 cupiens
456 1835 536 1881 eam
553 1807 685 1882 uidere.
702 1806 853 1880 Helenae
870 1806 1016 1879 nuncia·-

193 1939 286 1997 .tu1n
300 1939 352 1997 est
362 1975 378 2008 „
389 1921 634 1997 Alexandrum
646 1923 781 1998 Priami
792 1924 888 2026 regis
900 1924 1022 1998 filium

101 2077 108 2088 ·
206 2041 253 2114 ad
271 2040 469 2140 oppidum,
493 2042 558 2117 ubi
581 2043 721 2117 Helena
747 2057 844 2137 erat,
864 2043 1019 2118 venisset

206 2160 328 2260 Quem
360 2161 469 2236 etiam
500 2160 576 2260 ipsa
607 2161 727 2238 videre
757 2161 935 2258 cupiebat.
970 2163 1017 2233 Et

207 2307 322 2381 quum
340 2307 376 2355 se
391 2280 539 2380 utrique·
547 2280 779 2378 respexissent
787 2336 799 2373 ,
813 2280 923 2353 ambo
935 2278 1018 2352 for-

208 2426 270 2471 ma
282 2426 344 2470 sua
358 2399 491 2472 incensi
499 2454 511 2489 ‚
531 2414 674 2495 tempus
690 2398 865 2487 dederunt
878 2412 918 2470 ut
933 2423 1019 2498 gra-

210 2516 276 2586 tias
290 2505 476 2587 referrent.
490 2515 693 2590 Alexander
701 2515 873 2615 imperat,
887 2539 1020 2587 omnes

210 2631 303 2704 utin
325 2630 473 2707 navibus
490 2632 560 2706 sint
581 2634 695 2733 parati
709 2692 722 2729 ,
749 2648 852 2709 nocte
867 2631 1019 2706 classem

210 2750 368 2844 solvant,
390 2749 435 2824 de
457 2751 542 2826 fano
565 2755 747 2828 Helenam
769 2751 937 2850 eripiant»,
961 2776 1025 2822 se-

211 2895 392 2944 cumeum
410 2869 584 2944 auferant.
602 2871 712 2972 Signo
724 2872 808 2943 dato
825 2869 952 2963 fanum
965 2866 1029 2940 in·-

211 3004 398 3082 vaserunt,
420 2988 600 3062 Helenam
615 2989 823 3064 inviolatam
843 2985 1025 3084 eripiunt²

214 3105 251 3177 in
269 3134 398 3182 navem
421 3107 610 3199 deferunt,
630 3123 666 3181 et
687 3135 771 3181 cum
795 3134 835 3180 ea
854 3104 1024 3177 mulieres

215 3221 349 3319 aliquas
391 3226 651 3322 depraedantur.
695 3224 805 3324 Quod
850 3217 1028 3321 oppidani

217 3365 330 3436 quum
357 3341 546 3434 vidissent,
572 3344 633 3416 diu
658 3355 910 3444 pugnaverunt
939 3365 1026 3411 cum

216 3454 443 3552 Alexandro,
466 3487 511 3535 ne
528 3460 709 3543 Helenam
733 3460 873 3559 eripere
895 3469 1038 3555 posset.
