2160 4132
204 249 272 344 198
382 271 560 319 cesana
589 271 641 316 nu
668 266 823 356 rnojrt.

199 374 302 459 vibus
323 411 356 454 n.
380 382 614 480 Tlepolemus
634 409 678 455 ex
699 382 833 457 Rhodo
863 386 1023 463 navibus

201 527 257 573 rx.
287 500 491 601 Eurypylus
518 527 561 574 ex
592 501 829 577 Orchomeno
861 505 1020 582 navibus

199 645 353 692 numero
382 647 445 690 xa.
463 618 647 716 Antiphus
669 621 1021 720 etAmphimaehus

200 762 243 812 ex
252 736 375 830 Elide,
387 737 535 812 navibus
548 766 621 810 x11.
633 738 838 840 Polypoetes
851 746 1019 818 et'Leon·

202 870 280 931 teus
299 883 344 930 ex
365 856 522 948 Larissa,
537 855 690 945 navibus
708 885 769 929 xa.
793 860 1016 954 Diomedes,

182 972 396 1074 „Euryalum
421 974 608 1050 Sthenelus
635 1001 680 1048 ex
703 976 832 1076 Argis,
864 978 1016 1054 navibus

182 1091 560 1191 ,exirm-Philoctetes
584 1120 628 1166 ex
648 1091 816 1167 Meliboea
839 1122 917 1170 vn.
941 1098 1015 1171 Gu-

201 1233 290 1282 neus
303 1236 347 1283 ex
361 1210 491 1310 Cypho
505 1210 653 1286 navibus
671 1238 756 1282 xxr.
777 1213 962 1287 Prothous
974 1241 1015 1288 ex

201 1326 405 1428 Magnesia,
427 1325 577 1403 navibus
592 1355 649 1399 xr.
669 1328 868 1427 Agapenor
885 1344 933 1402 e'x
947 1334 1015 1405 Ar·

201 1443 301 1520 cedia
307 1500 320 1538 ,
342 1443 489 1519 navibus
511 1469 575 1517 nx.
601 1443 809 1519 Mnestheus
832 1473 878 1519 ex
896 1450 1016 1522 Athe-

200 1562 276 1656 nis,
293 1563 440 1639 navibus
455 1591 489 1635 n.
510 1562 564 1635 Hi
584 1562 730 1637 fuerunt
747 1563 856 1638 duces
868 1566 1016 1642 Graeco-

201 1707 308 1773 rum,
322 1707 473 1755 numero
489 1709 613 1759 xnvn.
629 1681 703 1783 Qui
715 1681 895 1763 adduxere
906 1709 1017 1768 naves

203 1823 356 1875 numero
379 1826 510 1874 neem.

452 2001 642 2071 CAPUT
674 2000 759 2071 XV.

143 2244 144 2247 Ἴ
252 2150 458 2242 ΡοετρυΑΜ
471 2153 630 2228 Athenas
638 2167 902 2244 convenerunt,
916 2152 1012 2254 Aga·

205 2299 380 2348 memnon
406 2272 514 2346 duces
539 2270 577 2342 in
602 2268 793 2344 concilium
820 2284 1015 2361 convocat,

205 2392 390 2481 hortatur,
413 2404 453 2460 ut
474 2387 746 2487 quamprimum
767 2373 914 2486 injurias
935 2411 1016 2459 suas

199 2506 411 2603 defendant.
426 2509 565 2605 Rogat,
578 2503 607 2575 si
625 2503 689 2577 illis
702 2503 855 2602 placeat,
870 2503 1018 2575 suadet-

194 2650 278 2726 ¹que
291 2638 331 2696 ut
344 2638 537 2722 antequam
552 2621 842 2720 proficiscantur,
853 2617 1018 2716 Delphos

198 2744 253 2829 ¹ad
274 2740 482 2842 Apollinem
512 2740 772 2815 consulendum
801 2739 846 2812 de
876 2753 951 2812 tota
978 2765 1018 2839 re

208 2859 395 2934 mitterent
420 2890 428 2930 ε
447 2857 505 2933 cui
518 2883 645 2931 omnes
663 2855 869 2959 assentiunt.
892 2854 1020 2928 Achil-

195 2977 258 3065 les
279 2977 361 3050 huic
387 2975 438 3049 rei
459 2973 673 3073 praeficitur,
695 2986 833 3047 etcum
856 2970 1020 3045 Patroclo

208 3093 457 3192 proficiscitur.
483 3090 646 3165 Priamus
668 3090 804 3165 interea
825 3103 866 3161 ut
887 3088 1021 3177 audivit

201 3208 295 3311 ‘quia
307 3211 424 3281 hostes
436 3208 551 3310 parati
568 3223 650 3280 sunt
660 3264 672 3301 ,
694 3205 806 3280 mittit
823 3232 890 3304 per
908 3220 1023 3277 totam

212 3324 406 3432 Phrygiam
428 3324 491 3430 qui
514 3323 685 3400 finitimos
710 3323 887 3416 exercitus
909 3321 1028 3396 addu-
