2160 4132
151 395 154 399 ’
242 420 407 469 curura
435 424 488 469 na
517 420 668 471 raom
792 402 867 495 'i77

54 546 225 605 tractatus
242 535 299 606 sit.
315 539 481 608 Antenor
494 537 657 610 hortatus
672 551 725 610 est
738 535 871 635 Troja-

53 670 137 739 n0s‚
159 676 204 723 ne
229 649 498 745 horrescerent,
523 648 569 723 ad
594 642 815 725 bellandum
825 650 864 724 ia

55 763 236 838 Graeciam
257 754 339 840 suos
351 767 540 842 alacriores
552 766 649 841 fecit.
664 765 789 839 Paucis
803 750 871 840 de-

56 882 289 979 monstravit,
303 885 432 984 quaein
445 883 580 960 Graecia
592 896 762 985 gesserat.
775 883 874 958 Pria«

55 1020 137 1072 mus
153 999 259 1094 dixit,
278 1002 307 1074 si
327 1003 384 1077 cui
404 999 605 1101 displiceret
620 1002 755 1076 bellum
771 1000 869 1102 geri,

53 1137 157 1189 suam
168 1117 390 1194 voluntatem
405 1121 576 1196 ediceret.
590 1124 696 1196 Tunc
712 1118 874 1192 Panthus

55 1231 199 1308 Priamo
213 1252 249 1310 et
260 1237 475 1337 propinquis
488 1238 610 1334 prodit
623 1267 664 1312 ea
679 1267 756 1337 quae
769 1266 789 1309 a
804 1264 874 1333 pac

57 1366 111 1423 tre
143 1353 340 1448 Euphorbo
371 1353 532 1426 audierat
564 1385 572 1424 z
600 1354 636 1427 Si
667 1354 876 1429 Alexander

57 1492 210 1540 uxorem
230 1467 274 1541 dc
297 1467 432 1542 Graecia
453 1466 675 1560 adduxisset,
699 1471 869 1569 'l'rojauis

57 1583 679 1660 extremuniexitiumfuturum.Sed
689 1586 877 1684 pulchrius

60 1727 137 1774 esse
159 1701 291 1775 irratio
317 1701 427 1776 vitam
447 1703 599 1804 degere,
617 1730 726 1802 quam
749 1703 786 1776 in
811 1720 878 1777 tu·-

56 1819 175 1892 multu
191 1819 394 1895 libertatem
411 1817 600 1914 amittere,
618 1837 653 1895 et
667 1822 872 1919 periculum·

58 1935 160 2008 inire.
184 1932 341 2033 Populus
361 1937 611 2010 auctoritatem
633 1939 761 2010 Panthi
780 1966 871 2014 con-

57 2051 179 2123 temsit
208 2078 370 2150 :regem
400 2053 517 2125 dicere
549 2053 752 2150 jusserunt,
780 2055 868 2152 quid

59 2165 137 2239 fieri
150 2165 272 2239 vellet..
283 2165 446 2237 Priamus
460 2166 547 2238 dixit
559 2193 666 2261 naves
674 2187 879 2264 praeparari·r

14 2380 19 2384 .
58 2284 120 2356 das
142 2282 299 2378 esse,⁷ut
317 2280 421 2356 eatur
435 2283 472 2355 in
492 2282 665 2358 Graeciam
685 2283 872 2359 :utensilia

59 2427 205 2502 (proque
218 2400 354 2500 populo
367 2426 441 2474 non
455 2397 590 2476 deesse.
607 2399 771 2498 Populus¹
780 2390 876 2474 croreL

58 2516 313 2617 clamavitper
335 2544 373 2592 sc
398 2545 543 2595 nroram
569 2544 652 2591 nou·
672 2514 877 2618 essesque

57 2635 177 2708 minus
195 2636 289 2736 regis
308 2638 491 2733 praeceptis
508 2626 692 2734 parea-tur.-
706 2632 870 2708 Priamus

56 2750 124 2822 illis
144 2775 292 2849 magnas
314 2751 445 2849 gratias
467 2751 561 2849 egit,
584 2750 874 2847 concioncmque

58 2864 287 2940 diffinitae
307 2880 395 2940 mon
414 2865 451 2937 in
468 2865 569 2937 Idam
592 2864 733 2964 sylvam
751 2860 873 2958 misit,

58 2981 122 3082 qui
142 2981 331 3057 materiem
351 2979 597 3075 succiderent,
621 3007 729 3054 naves
751 2980 874 3066 aedith

56 3115 193 3180 carent.
214 3101 418 3185 Hectorem
445 3100 483 3173 in
507 3097 734 3197 'superiorem
754 3099 873 3199 Phryx..
984 3186 986 3191 4

56 3218 154 3319 giam
170 3217 291 3311 irrisit,
306 3235 347 3310 ut
366 3218 564 3295 exercitum
582 3231 725 3327 para-ret
733 3245 748 3307 a
764 3233 799 3291 et
818 3216 869 3291 nt

55 3351 184 3432 praesto
194 3340 299 3410 esset.
311 3336 517 3426 ‘Cassandra
528 3338 723 3434 postquam.
732 3332 868 3430 audivit

56 3454 170 3554 patria
187 3452 401 3551 musilirun,
412 3453 530 3538 dicere
552 3452 663 3556 caepit
673 3451 752 3553 qu'ae
769 3457 871 3566 Troe

670 3575 697 3648 ὃ
711 3624 725 3641 .
