2160 4132
335 184 353 226 1

232 422 381 496 irrue
407 412 696 498 ernonrirnr.
817 403 866 480 25

59 554 98 627 in
120 542 291 641 obscuro,
312 545 375 623 sed
395 544 513 644 palam
532 546 772 643 perniciosum
794 569 870 620 cre·

60 671 156 745 dere.
173 666 326 742 Interim
340 662 535 737 Diomedes
546 682 631 737 cum
648 655 779 766 Ulysse
792 661 869 738 dis-

58 786 268 865 simulantes
287 809 367 882 quoe
386 778 621 881 gerebantur,
639 780 870 859 obambulare

48 905 101 979 ‘in
133 902 237 994 foro,
264 895 588 996 circumspicientes
619 893 871 1009 laudantesque

61 1019 227 1120 praeclara
244 1042 397 1149 operum
417 1013 568 1091 civitatis
588 1015 678 1147 ejus
707 1015 759 1088 At
776 1017 872 1115 apud

60 1161 164 1212 naves
174 1133 331 1233 auspicio
345 1129 405 1206 tali
418 1131 527 1206 motis
537 1131 707 1206 omnium
720 1157 852 1205 an1m1s
857 1186 872 1226 ,

50 1251 204 1328 'Calchas
214 1251 267 1326 uti
279 1253 423 1326 bonum
435 1250 599 1336 animum
612 1266 780 1353 gererent
787 1251 872 1326 bor

58 1384 172 1458 tatur3
190 1369 292 1445 brevi
309 1367 445 1469 quippe
458 1369 626 1444 dominos
642 1369 721 1447 fore
738 1395 868 1448 eorum

49 1512 139 1586 ,quae
159 1485 255 1582 apud
275 1485 429 1580 Troiam
447 1500 573 1556 essent.

292 1673 484 1748 CAPUT
516 1679 639 1746 V11112

47 1824 51 1830 ⁸
106 1827 869 1932 CnranunHecuba,recognita,placatum'

57 1952 144 2035 deos
169 1949 370 2052 egreditur,
391 1976 433 2023 ac
456 1947 638 2048 praecipue
664 1947 868 2027 Minervam

54 2085 164 2170 atque
177 2066 403 2165 Apollinem,
416 2066 516 2165 queis
525 2093 610 2141 cum
620 2065 714 2141 dona
732 2067 845 2141 multa
852 2087 869 2162 ,³

57 2203 138 2260 tum
162 2183 325 2258 victimas
349 2179 488 2275 opimas
515 2182 712 2258 admovet:
740 2187 803 2260 sed
827 2184 867 2262 in

57 2298 434 2397 adolendoquaesacra
451 2293 520 2369 aris
532 2295 790 2393 reddebantur,
809 2328 868 2376 eo·

57 2421 143 2495 dem
157 2415 267 2489 modo
281 2411 453 2516 restingui
465 2412 584 2516 ignes,
598 2441 641 2489 ec
652 2432 799 2516 repente
813 2417 867 2494 in-

56 2537 164 2615 terire
175 2534 250 2612 visi.
265 2538 364 2609 Inter
372 2558 450 2636 quae
459 2549 534 2608 tam
544 2531 699 2629 solicita,
720 2537 865 2613 Cassan·

55 2656 119 2732 dra
144 2654 213 2728 deo
237 2652 364 2752 plena,
379 2651 541 2728 victimas
560 2653 606 2727 ad
622 2655 792 2728 Hectoris
805 2671 866 2729 tu·

54 2772 198 2846 mulum
216 2770 400 2849 transferri
419 2771 573 2866 imperat
595 2800 604 2838 t
623 2771 709 2843 dcos
731 2771 869 2866 quippe

57 2883 240 2980 aspernari
263 2885 339 2977 jam
365 2883 559 2969 sacrificia,
592 2881 796 2979 indignatos
819 2883 870 2960 ob

56 2995 293 3080 commissum
308 2990 428 3093 paullo
443 3008 525 3066 ante
542 2991 654 3067 scelus
674 2992 713 3067 in
734 2997 870 3098 Apolli.

54 3145 154 3211 nem.
171 3119 223 3189 lta
238 3109 347 3189 tauris
355 3110 418 3214 qui
426 3109 604 3186 immolati
614 3127 734 3210 erant,
748 3117 793 3191 ad
805 3145 867 3197 ro-

53 3261 142 3338 gum
152 3228 455 3324 Hectoris‚sicuti
465 3229 723 3328 imperabatur,
734 3263 864 3338 appot·
975 3262 982 3278 ³

54 3353 154 3446 tatis,
175 3377 334 3453 moxque
354 3348 429 3451 igni
442 3349 625 3450 subjecto,
643 3377 860 3432 consumun-

53 3485 112 3549 tur
124 3486 264 3548 cuncta.
290 3470 378 3549 tude
394 3467 776 3571 ubijomrespernrat,
789 3474 861 3551 do-

67 3662 72 3680 .
153 3616 197 3664 Π·
687 3615 711 3670 2
