2160 4132
128 364 196 410 222
304 352 489 410 ennnnn
518 363 571 407 nu
598 356 760 411 Trois.

126 474 324 549 triennium
348 471 440 545 dari.
463 470 613 546 Interim
630 472 785 573 Trojani
809 478 950 551 moenia

126 606 322 697 renovant,
344 615 427 665 suos
444 589 581 665 saucios
602 604 749 685 curant,
770 618 866 670 cum
890 595 948 671 in-

127 709 227 811 genti
242 710 379 788 honore
395 733 478 786 suos
494 705 646 810 quisque
659 707 820 787 fimuas.
933 784 937 791 .

309 1184 528 1325 ‘error
560 1245 742 1324 xxm.

182 1409 337 1489 Tsnrus
358 1430 488 1512 pugnae
508 1408 711 1507 supervenit
727 1426 812 1508 post
834 1414 944 1489 trien-

61 1572 79 1590 ·
134 1527 250 1602 nium.
265 1527 408 1601 Hector
428 1542 465 1600 ct
485 1524 629 1602 Troilus
645 1525 846 1603 exercitum
860 1532 946 1606 edu·

56 1720 59 1727 ,
135 1662 222 1721 cunt
245 1671 330 1721 cum
355 1647 482 1720 AEnea.
510 1647 645 1720 Contra
666 1644 947 1747 Agamemnon,

135 1764 340 1856 Menelaus,
367 1763 522 1838 Achilles
541 1778 578 1837 et
605 1763 802 1840 Diomedes
820 1793 947 1844 occur·

133 1895 239 1971 runt,
259 1879 298 1952 fit
315 1906 447 1982 magna
462 1881 584 1956 caedes.
606 1883 749 1957 Hector
766 1884 806 1958 in
824 1885 945 1984 prima

134 1996 210 2071 acie
224 1998 332 2073 duces
345 1998 579 2078 validissimos
592 1999 783 2095 interficit,
803 2004 949 2104 Phidip-

135 2136 246 2215 pum,
264 2117 468 2217 Antiphnm
480 2174 493 2213 ‚
520 2133 557 2194 ct
578 2118 796 2194 Merionem.
822 2120 949 2198 Achil·

135 2232 186 2309 les
195 2260 208 2329 3
228 2238 460 2338 Lycaonem,
479 2236 789 2340 Euphorbumque
802 2239 946 2315 occidit.

12 2428 17 2435 ,
136 2354 193 2430 Ex
216 2371 343 2431 caetera
368 2355 475 2454 plebe
498 2354 612 2428 multa
626 2354 736 2429 millia
756 2357 950 2431 hominum

137 2499 183 2555 ex
200 2487 353 2569 utraque
369 2487 471 2568 parte
488 2473 642 2548 cadunt:
662 2489 843 2574 pugnatur
857 2476 954 2550 acri-

135 2602 193 2660 ter
213 2585 389 2660 continuis
405 2587 532 2662 diebus
547 2589 702 2692 triginta.
723 2587 884 2664 Priamus
906 2609 951 2666 ut

136 2702 226 2783 vidit
242 2703 356 2778 multa
368 2704 478 2779 millia
496 2707 688 2782 hominum
705 2708 749 2782 de
763 2733 826 2782 suo
844 2735 953 2783 exer-

138 2824 212 2904 citu
224 2824 412 2919 cecidisse,
426 2825 538 2902 mittit
550 2826 686 2929 legatos
698 2828 743 2901 ad
754 2816 956 2928 Agamem-³

135 2964 294 3035 nonem,
322 2960 363 3016 ut
393 2943 553 3019 inducias
577 2959 742 3044 peterent
766 2945 953 3022 mensibus

138 3084 212 3147 sex.
234 3065 279 3136 Et
293 3088 336 3135 ex
348 3060 484 3136 consilii
504 3063 679 3138 sententia
693 3066 954 3165 Agamemnon

140 3178 303 3254 concedit
315 3179 486 3255 inducias.
505 3183 669 3280 Tempus
684 3209 814 3283 pugnae
827 3206 956 3280 super-

139 3295 238 3369 venit
255 3327 264 3367 ε
285 3295 414 3372 acriter
430 3324 496 3397 per
514 3298 706 3374 duodecim
723 3297 799 3372 dies
813 3326 958 3401 pugna-

143 3425 212 3486 tur.
237 3414 343 3489 Multi
368 3416 475 3492 duces
500 3416 686 3496 fortissimi
706 3415 793 3492 hinc
814 3432 852 3491 et
870 3417 957 3495 inde
