2160 4132
191 327 264 401 258
373 350 548 399 cunnus
576 350 629 394 ue
658 347 832 396 Tuom·

189 462 420 538 constitutum
441 460 558 553 venit,
581 458 761 559 simulque
780 475 827 534 ut
845 459 1018 539 introivit

191 579 386 673 insanum,
401 607 445 652 ex
459 576 594 650 insidiis
605 591 814 651 occurrunt.
830 580 1017 684 Undique

190 694 259 769 tela
272 695 468 798 conjiciunt
483 727 491 768 ε
507 721 569 769 eos
583 692 681 768 Paris
694 692 913 770 Alexander
927 697 1015 774 hor-

191 828 299 896 tatur.
330 811 486 887 Achilles
511 837 596 887 cum
630 809 828 885 Antilocho
861 813 1018 892 brachio

193 929 336 1005 sinistro
353 945 546 1028 cooperto,
570 929 697 1001 dextro
716 953 846 1002 ensem
867 945 1016 1030 tenens,

194 1048 279 1133 facit
302 1048 494 1144 impetum.
523 1044 678 1119 Achilles
701 1044 846 1118 multos
867 1051 1017 1126 occidis

191 1162 394 1236 Alexander
409 1160 642 1235 Antilochum
659 1175 696 1233 et
716 1160 909 1237 Achillem
921 1169 1017 1242 mul·

193 1277 238 1351 tis
259 1277 372 1381 plagis
396 1277 570 1354 confodit.
593 1281 646 1350 lta
671 1275 830 1351 Achilles
860 1308 910 1355 ex
933 1285 1018 1360 insi-

196 1394 283 1488 diis,
295 1394 536 1495 nequicquam
550 1392 691 1469 fortiter
702 1392 839 1468 faciens
850 1399 1016 1477 animam

197 1511 317 1585 amisit
338 1544 346 1584 :
365 1540 475 1614 quem
491 1511 695 1587 Alexander
707 1511 846 1586 auferri
860 1531 900 1590 et
915 1519 1018 1596 volu.

198 1630 316 1705 eribus
328 1630 457 1731 projici
470 1630 582 1730 jubet.
604 1628 646 1705 ld
665 1652 711 1702 ne
724 1627 827 1704 fieret
846 1634 1016 1712 Helenus

199 1744 313 1818 mulla
326 1769 617 1820 commemorans
632 1743 818 1841 prohihet,
835 1764 878 1822 et
893 1778 954 1825 eos
966 1755 1012 1829 de

198 1859 284 1934 fano
297 1861 376 1958 ejici
393 1860 516 1958 jubet,
529 1876 565 1934 et
581 1860 653 1933 suis
665 1859 765 1933 tradi.
780 1864 961 1942 Achillem
971 1887 1008 1946 et

199 1975 434 2050 Antilochum
446 1976 484 2049 in
497 1992 610 2050 castra
623 1979 786 2050 afferunt.
807 1982 1011 2082 Agamem-

199 2118 274 2167 non
286 2093 463 2170 Achillem
476 2095 668 2196 magnifico
687 2094 814 2170 funere
827 2102 957 2178 effert:
976 2124 1012 2182 el

201 2225 242 2284 ut
263 2211 491 2310 sepulchrum
507 2213 540 2287 ei
561 2212 684 2305 faciat,
704 2239 725 2284 a
742 2212 888 2291 Priamo
910 2220 1015 2300 indu.

203 2328 272 2403 cias
283 2332 392 2429 petit,
406 2330 529 2431 ibique
539 2330 642 2406 ludos
653 2331 820 2408 funebres
830 2334 930 2412 facit.
