<?xml version="1.0" encoding="UTF-8"?>
<!DOCTYPE html PUBLIC "-//W3C//DTD XHTML 1.0 Transitional//EN"
    "http://www.w3.org/TR/xhtml1/DTD/xhtml1-transitional.dtd">
<html xmlns="http://www.w3.org/1999/xhtml" xml:lang="en" lang="en">
 <head>
  <title>
</title>
<meta http-equiv="Content-Type" content="text/html;charset=utf-8" />
  <meta name='ocr-system' content='tesseract 3.04.00' />
  <meta name='ocr-capabilities' content='ocr_page ocr_carea ocr_par ocr_line ocrx_word'/>
</head>
<body>
  <div class='ocr_page' id='page_1' title='image "./histoiredelague00daregoog_0214.png"; bbox 0 0 2160 4132; ppageno 0'>
   <div class='ocr_carea' id='block_1_1' title="bbox 214 409 844 464">
    <p class='ocr_par' dir='ltr' id='par_1_1' title="bbox 214 409 844 464">
     <span class='ocr_line' id='line_1_1' title="bbox 214 409 844 464; baseline 0.013 -8"><span class='ocrx_word' id='word_1_1' title='bbox 214 409 281 461; x_wconf 83' lang='lat'><strong>202</strong></span> <span class='ocrx_word' id='word_1_2' title='bbox 395 411 576 461; x_wconf 71' lang='lat' dir='ltr'><strong>cunrat</strong></span> <span class='ocrx_word' id='word_1_3' title='bbox 603 413 659 461; x_wconf 69' lang='lat' dir='ltr'><strong>DE</strong></span> <span class='ocrx_word' id='word_1_4' title='bbox 685 409 844 464; x_wconf 61' lang='lat' dir='ltr'><strong>ruore:</strong></span> 
     </span>
    </p>
   </div>
   <div class='ocr_carea' id='block_1_2' title="bbox 192 524 1034 1212">
    <p class='ocr_par' dir='ltr' id='par_1_2' title="bbox 192 524 1034 1102">
     <span class='ocr_line' id='line_1_2' title="bbox 192 524 1034 630; baseline 0.014 -31"><span class='ocrx_word' id='word_1_5' title='bbox 192 592 195 599; x_wconf 90' lang='lat'>.</span> <span class='ocrx_word' id='word_1_6' title='bbox 213 525 303 600; x_wconf 85' lang='lat' dir='ltr'><strong>duee</strong></span> <span class='ocrx_word' id='word_1_7' title='bbox 319 524 535 619; x_wconf 78' lang='lat' dir='ltr'><strong>Philocteea,</strong></span> <span class='ocrx_word' id='word_1_8' title='bbox 552 525 613 626; x_wconf 88' lang='lat' dir='ltr'><strong>qui</strong></span> <span class='ocrx_word' id='word_1_9' title='bbox 631 553 715 601; x_wconf 89' lang='lat' dir='ltr'><strong>cum</strong></span> <span class='ocrx_word' id='word_1_10' title='bbox 740 529 970 630; x_wconf 78' lang='lat' dir='ltr'><strong>Argonautis</strong></span> <span class='ocrx_word' id='word_1_11' title='bbox 990 539 1034 612; x_wconf 89' lang='lat' dir='ltr'><strong>ad</strong></span> 
     </span>
     <span class='ocr_line' id='line_1_3' title="bbox 215 643 1032 744; baseline 0.015 -26"><span class='ocrx_word' id='word_1_12' title='bbox 215 644 366 743; x_wconf 87' lang='lat' dir='ltr'><strong>Trojam</strong></span> <span class='ocrx_word' id='word_1_13' title='bbox 388 643 488 719; x_wconf 78' lang='lat' dir='ltr'><strong>ierat.</strong></span> <span class='ocrx_word' id='word_1_14' title='bbox 518 643 657 721; x_wconf 88' lang='lat' dir='ltr'><strong>Deinde</strong></span> <span class='ocrx_word' id='word_1_15' title='bbox 677 645 859 744; x_wconf 87' lang='lat' dir='ltr'><strong>applicant</strong></span> <span class='ocrx_word' id='word_1_16' title='bbox 882 651 1032 730; x_wconf 82' lang='lat' dir='ltr'><strong>classem</strong></span> 
     </span>
     <span class='ocr_line' id='line_1_4' title="bbox 214 759 1030 864; baseline 0.018 -31"><span class='ocrx_word' id='word_1_17' title='bbox 214 759 261 834; x_wconf 86' lang='lat' dir='ltr'><strong>ad</strong></span> <span class='ocrx_word' id='word_1_18' title='bbox 283 760 486 859; x_wconf 91' lang='lat' dir='ltr'><strong>oppidum,</strong></span> <span class='ocrx_word' id='word_1_19' title='bbox 511 763 610 863; x_wconf 90' lang='lat' dir='ltr'><strong>quod</strong></span> <span class='ocrx_word' id='word_1_20' title='bbox 629 763 695 837; x_wconf 86' lang='lat' dir='ltr'><strong>sub</strong></span> <span class='ocrx_word' id='word_1_21' title='bbox 717 762 876 864; x_wconf 90' lang='lat' dir='ltr'><strong>imperio</strong></span> <span class='ocrx_word' id='word_1_22' title='bbox 894 771 1030 847; x_wconf 87' lang='lat' dir='ltr'><strong>Priami</strong></span> 
     </span>
     <span class='ocr_line' id='line_1_5' title="bbox 215 877 1029 992; baseline 0.021 -42"><span class='ocrx_word' id='word_1_23' title='bbox 215 877 309 979; x_wconf 84' lang='lat' dir='ltr'><strong>regis</strong></span> <span class='ocrx_word' id='word_1_24' title='bbox 331 893 424 972; x_wconf 82' lang='lat' dir='ltr'><strong>erat,</strong></span> <span class='ocrx_word' id='word_1_25' title='bbox 451 894 487 953; x_wconf 82' lang='lat' dir='ltr'><strong>et</strong></span> <span class='ocrx_word' id='word_1_26' title='bbox 512 879 551 953; x_wconf 92' lang='lat' dir='ltr'><strong>id</strong></span> <span class='ocrx_word' id='word_1_27' title='bbox 573 898 779 986; x_wconf 84' lang='lat' dir='ltr'><strong>expugnant</strong></span> <span class='ocrx_word' id='word_1_28' title='bbox 800 888 1029 992; x_wconf 77' lang='lat' dir='ltr'><strong>:praedaque</strong></span> 
     </span>
     <span class='ocr_line' id='line_1_6' title="bbox 216 992 1025 1102; baseline 0.021 -36"><span class='ocrx_word' id='word_1_29' title='bbox 216 992 328 1088; x_wconf 84' lang='lat' dir='ltr'><strong>facta,</strong></span> <span class='ocrx_word' id='word_1_30' title='bbox 344 993 620 1091; x_wconf 81' lang='lat' dir='ltr'><strong>proficiscuntur</strong></span> <span class='ocrx_word' id='word_1_31' title='bbox 635 1029 644 1070; x_wconf 76' lang='grc' dir='ltr'><strong><em>ε</em></strong></span> <span class='ocrx_word' id='word_1_32' title='bbox 660 998 807 1082; x_wconf 69' lang='lat' dir='ltr'><strong>veniunt</strong></span> <span class='ocrx_word' id='word_1_33' title='bbox 825 1003 1025 1102; x_wconf 64' lang='lat' dir='ltr'><strong>Tenedon,</strong></span> 
     </span>
    </p>

    <p class='ocr_par' dir='ltr' id='par_1_3' title="bbox 195 1109 656 1212">
     <span class='ocr_line' id='line_1_7' title="bbox 195 1109 656 1212; baseline -0.004 -21"><span class='ocrx_word' id='word_1_34' title='bbox 195 1183 200 1191; x_wconf 86' lang='lat'><em>.</em></span> <span class='ocrx_word' id='word_1_35' title='bbox 216 1109 336 1212; x_wconf 89' lang='lat' dir='ltr'><strong>ibique</strong></span> <span class='ocrx_word' id='word_1_36' title='bbox 344 1137 470 1192; x_wconf 84' lang='lat' dir='ltr'><strong>omnes</strong></span> <span class='ocrx_word' id='word_1_37' title='bbox 479 1113 656 1191; x_wconf 86' lang='lat' dir='ltr'><strong>occidunt.</strong></span> 
     </span>
    </p>
   </div>
   <div class='ocr_carea' id='block_1_3' title="bbox 447 1892 785 1984">
    <p class='ocr_par' dir='ltr' id='par_1_4' title="bbox 447 1892 785 1984">
     <span class='ocr_line' id='line_1_8' title="bbox 447 1892 785 1984; baseline -0.003 -2"><span class='ocrx_word' id='word_1_38' title='bbox 447 1912 636 1983; x_wconf 71' lang='lat' dir='ltr'><strong>cirur</strong></span> <span class='ocrx_word' id='word_1_39' title='bbox 672 1892 785 1984; x_wconf 77' lang='lat' dir='ltr'><strong>xvi.</strong></span> 
     </span>
    </p>
   </div>
   <div class='ocr_carea' id='block_1_4' title="bbox 172 2071 1020 3590">
    <p class='ocr_par' dir='ltr' id='par_1_5' title="bbox 172 2071 1020 3590">
     <span class='ocr_line' id='line_1_9' title="bbox 172 2071 1019 2183; baseline -0.002 -25"><span class='ocrx_word' id='word_1_40' title='bbox 172 2134 174 2138; x_wconf 55' lang='lat'>&gt;</span> <span class='ocrx_word' id='word_1_41' title='bbox 251 2085 667 2183; x_wconf 74' lang='lat' dir='ltr'><strong>helmsmuoupraedam</strong></span> <span class='ocrx_word' id='word_1_42' title='bbox 677 2071 817 2178; x_wconf 84' lang='lat' dir='ltr'><strong>dividit,</strong></span> <span class='ocrx_word' id='word_1_43' title='bbox 826 2081 1019 2158; x_wconf 87' lang='lat' dir='ltr'><strong>concilium</strong></span> 
     </span>
     <span class='ocr_line' id='line_1_10' title="bbox 212 2199 1019 2304; baseline -0.006 -27"><span class='ocrx_word' id='word_1_44' title='bbox 212 2219 325 2278; x_wconf 88' lang='lat' dir='ltr'><strong>vocat.</strong></span> <span class='ocrx_word' id='word_1_45' title='bbox 341 2203 427 2276; x_wconf 88' lang='lat' dir='ltr'><strong>lnde</strong></span> <span class='ocrx_word' id='word_1_46' title='bbox 441 2203 578 2304; x_wconf 82' lang='lat' dir='ltr'><strong>legatos</strong></span> <span class='ocrx_word' id='word_1_47' title='bbox 591 2202 637 2276; x_wconf 87' lang='lat' dir='ltr'><strong>ad</strong></span> <span class='ocrx_word' id='word_1_48' title='bbox 649 2201 833 2274; x_wconf 82' lang='lat' dir='ltr'><strong>Priamum</strong></span> <span class='ocrx_word' id='word_1_49' title='bbox 846 2199 977 2294; x_wconf 80' lang='lat' dir='ltr'><strong>mittit,</strong></span> <span class='ocrx_word' id='word_1_50' title='bbox 991 2199 1019 2272; x_wconf 91' lang='lat' dir='ltr'><strong>si</strong></span> 
     </span>
     <span class='ocr_line' id='line_1_11' title="bbox 211 2318 1020 2419; baseline -0.007 -23"><span class='ocrx_word' id='word_1_51' title='bbox 211 2320 517 2413; x_wconf 83' lang='lat' dir='ltr'><strong>velletHelenam,</strong></span> <span class='ocrx_word' id='word_1_52' title='bbox 526 2335 562 2393; x_wconf 90' lang='lat' dir='ltr'><strong>et</strong></span> <span class='ocrx_word' id='word_1_53' title='bbox 571 2320 726 2418; x_wconf 85' lang='lat' dir='ltr'><strong>praedam</strong></span> <span class='ocrx_word' id='word_1_54' title='bbox 741 2346 850 2419; x_wconf 89' lang='lat' dir='ltr'><strong>quam</strong></span> <span class='ocrx_word' id='word_1_55' title='bbox 863 2318 1020 2392; x_wconf 85' lang='lat' dir='ltr'><strong>Alexan-</strong></span> 
     </span>
     <span class='ocr_line' id='line_1_12' title="bbox 209 2436 1019 2539; baseline -0.002 -28"><span class='ocrx_word' id='word_1_56' title='bbox 209 2437 274 2511; x_wconf 88' lang='lat' dir='ltr'><strong>der</strong></span> <span class='ocrx_word' id='word_1_57' title='bbox 286 2437 388 2528; x_wconf 85' lang='lat' dir='ltr'><strong>fecit‚</strong></span> <span class='ocrx_word' id='word_1_58' title='bbox 398 2437 594 2511; x_wconf 87' lang='lat' dir='ltr'><strong>restituere.</strong></span> <span class='ocrx_word' id='word_1_59' title='bbox 609 2437 736 2538; x_wconf 86' lang='lat' dir='ltr'><strong>Legati</strong></span> <span class='ocrx_word' id='word_1_60' title='bbox 748 2436 916 2539; x_wconf 85' lang='lat' dir='ltr'><strong>leguntur</strong></span> <span class='ocrx_word' id='word_1_61' title='bbox 929 2436 1019 2509; x_wconf 87' lang='lat' dir='ltr'><strong>Dio-</strong></span> 
     </span>
     <span class='ocr_line' id='line_1_13' title="bbox 195 2552 1018 2652; baseline 0 -28"><span class='ocrx_word' id='word_1_62' title='bbox 195 2553 329 2624; x_wconf 85' lang='lat' dir='ltr'><strong>-medes</strong></span> <span class='ocrx_word' id='word_1_63' title='bbox 347 2567 382 2623; x_wconf 90' lang='lat' dir='ltr'><strong>et</strong></span> <span class='ocrx_word' id='word_1_64' title='bbox 403 2552 549 2652; x_wconf 89' lang='lat' dir='ltr'><strong>Ulysses</strong></span> <span class='ocrx_word' id='word_1_65' title='bbox 557 2607 574 2646; x_wconf 79' lang='grc'><strong>,,</strong></span> <span class='ocrx_word' id='word_1_66' title='bbox 589 2553 634 2626; x_wconf 85' lang='lat' dir='ltr'><strong>ad</strong></span> <span class='ocrx_word' id='word_1_67' title='bbox 652 2554 832 2627; x_wconf 86' lang='lat' dir='ltr'><strong>Priamum</strong></span> <span class='ocrx_word' id='word_1_68' title='bbox 845 2553 1018 2647; x_wconf 79' lang='lat' dir='ltr'><strong>proficis-</strong></span> 
     </span>
     <span class='ocr_line' id='line_1_14' title="bbox 206 2668 1018 2772; baseline -0.004 -30"><span class='ocrx_word' id='word_1_69' title='bbox 206 2683 347 2743; x_wconf 84' lang='lat' dir='ltr'><strong>cuntur.</strong></span> <span class='ocrx_word' id='word_1_70' title='bbox 362 2671 460 2740; x_wconf 91' lang='lat' dir='ltr'><strong>Dum</strong></span> <span class='ocrx_word' id='word_1_71' title='bbox 475 2668 582 2772; x_wconf 74' lang='lat' dir='ltr'><strong>legati</strong></span> <span class='ocrx_word' id='word_1_72' title='bbox 594 2670 764 2744; x_wconf 71' lang='lat' dir='ltr'><strong>mandato</strong></span> <span class='ocrx_word' id='word_1_73' title='bbox 776 2680 917 2766; x_wconf 80' lang='lat' dir='ltr'><strong>parem,</strong></span> <span class='ocrx_word' id='word_1_74' title='bbox 931 2668 1018 2739; x_wconf 81' lang='lat' dir='ltr'><strong>mit·</strong></span> 
     </span>
     <span class='ocr_line' id='line_1_15' title="bbox 203 2785 1015 2886; baseline -0.007 -24"><span class='ocrx_word' id='word_1_75' title='bbox 203 2803 331 2863; x_wconf 84' lang='lat' dir='ltr'><strong>tuntur</strong></span> <span class='ocrx_word' id='word_1_76' title='bbox 355 2786 511 2861; x_wconf 82' lang='lat' dir='ltr'><strong>Achilles</strong></span> <span class='ocrx_word' id='word_1_77' title='bbox 541 2804 576 2862; x_wconf 83' lang='lat' dir='ltr'><strong>et</strong></span> <span class='ocrx_word' id='word_1_78' title='bbox 599 2787 780 2886; x_wconf 89' lang='lat' dir='ltr'><strong>Telephus</strong></span> <span class='ocrx_word' id='word_1_79' title='bbox 808 2785 853 2858; x_wconf 84' lang='lat' dir='ltr'><strong>ad</strong></span> <span class='ocrx_word' id='word_1_80' title='bbox 874 2785 1015 2881; x_wconf 80' lang='lat' dir='ltr'><strong>deprae-</strong></span> 
     </span>
     <span class='ocr_line' id='line_1_16' title="bbox 195 2906 1015 3006; baseline -0.01 -24"><span class='ocrx_word' id='word_1_81' title='bbox 195 2907 361 2983; x_wconf 82' lang='lat' dir='ltr'><strong>&#39;dandam</strong></span> <span class='ocrx_word' id='word_1_82' title='bbox 388 2906 557 3006; x_wconf 85' lang='lat' dir='ltr'><strong>Mysiam.</strong></span> <span class='ocrx_word' id='word_1_83' title='bbox 580 2907 641 2980; x_wconf 78' lang='lat' dir='ltr'><strong>Ad</strong></span> <span class='ocrx_word' id='word_1_84' title='bbox 664 2907 924 2980; x_wconf 79' lang='lat' dir='ltr'><strong>Teuthrantem</strong></span> <span class='ocrx_word' id='word_1_85' title='bbox 953 2929 1015 2974; x_wconf 89' lang='lat' dir='ltr'><strong>re-</strong></span> 
     </span>
     <span class='ocr_line' id='line_1_17' title="bbox 201 3019 1014 3127; baseline -0.014 -25"><span class='ocrx_word' id='word_1_86' title='bbox 201 3052 288 3127; x_wconf 84' lang='lat' dir='ltr'><strong>gem</strong></span> <span class='ocrx_word' id='word_1_87' title='bbox 306 3022 453 3099; x_wconf 86' lang='lat' dir='ltr'><strong>veniunt</strong></span> <span class='ocrx_word' id='word_1_88' title='bbox 460 3078 472 3116; x_wconf 91' lang='lat'><strong><em>,</em></strong></span> <span class='ocrx_word' id='word_1_89' title='bbox 493 3022 723 3122; x_wconf 84' lang='lat' dir='ltr'><strong>praedamque</strong></span> <span class='ocrx_word' id='word_1_90' title='bbox 748 3019 895 3094; x_wconf 82' lang='lat' dir='ltr'><strong>faciunt.</strong></span> <span class='ocrx_word' id='word_1_91' title='bbox 916 3023 1014 3093; x_wconf 89' lang='lat' dir='ltr'><strong>Teu-</strong></span> 
     </span>
     <span class='ocr_line' id='line_1_18' title="bbox 199 3136 1013 3236; baseline -0.007 -22"><span class='ocrx_word' id='word_1_92' title='bbox 199 3143 297 3215; x_wconf 70' lang='lat' dir='ltr'><strong>thras</strong></span> <span class='ocrx_word' id='word_1_93' title='bbox 320 3141 411 3214; x_wconf 68' lang='lat' dir='ltr'><strong>rum</strong></span> <span class='ocrx_word' id='word_1_94' title='bbox 441 3138 598 3213; x_wconf 86' lang='lat' dir='ltr'><strong>exercit&#39;u</strong></span> <span class='ocrx_word' id='word_1_95' title='bbox 635 3136 866 3236; x_wconf 81' lang='lat' dir='ltr'><strong>supervenit,</strong></span> <span class='ocrx_word' id='word_1_96' title='bbox 901 3163 1013 3236; x_wconf 89' lang='lat' dir='ltr'><strong>quem</strong></span> 
     </span>
     <span class='ocr_line' id='line_1_19' title="bbox 192 3253 1009 3358; baseline -0.009 -26"><span class='ocrx_word' id='word_1_97' title='bbox 192 3257 352 3332; x_wconf 82' lang='lat' dir='ltr'><strong>-Achilles</strong></span> <span class='ocrx_word' id='word_1_98' title='bbox 365 3258 488 3358; x_wconf 79' lang='lat' dir='ltr'><strong>fugato</strong></span> <span class='ocrx_word' id='word_1_99' title='bbox 501 3256 656 3330; x_wconf 84' lang='lat' dir='ltr'><strong>exercitu</strong></span> <span class='ocrx_word' id='word_1_100' title='bbox 664 3253 862 3330; x_wconf 83' lang='lat' dir='ltr'><strong>vulneravit</strong></span> <span class='ocrx_word' id='word_1_101' title='bbox 875 3285 883 3324; x_wconf 76' lang='grc' dir='ltr'><strong><em>ε</em></strong></span> <span class='ocrx_word' id='word_1_102' title='bbox 897 3281 1009 3354; x_wconf 90' lang='lat' dir='ltr'><strong>quem</strong></span> 
     </span>
     <span class='ocr_line' id='line_1_20' title="bbox 194 3369 1011 3477; baseline -0.002 -31"><span class='ocrx_word' id='word_1_103' title='bbox 194 3369 377 3477; x_wconf 81' lang='lat' dir='ltr'><strong>jacentem</strong></span> <span class='ocrx_word' id='word_1_104' title='bbox 400 3375 580 3473; x_wconf 83' lang='lat' dir='ltr'><strong>Telephus</strong></span> <span class='ocrx_word' id='word_1_105' title='bbox 605 3375 733 3476; x_wconf 85' lang='lat' dir='ltr'><strong>clypeo</strong></span> <span class='ocrx_word' id='word_1_106' title='bbox 757 3371 934 3472; x_wconf 80' lang='lat' dir='ltr'><strong>protexit,</strong></span> <span class='ocrx_word' id='word_1_107' title='bbox 964 3398 1011 3444; x_wconf 89' lang='lat' dir='ltr'><strong>ne</strong></span> 
     </span>
     <span class='ocr_line' id='line_1_21' title="bbox 195 3490 1012 3590; baseline -0.006 -25"><span class='ocrx_word' id='word_1_108' title='bbox 195 3494 241 3569; x_wconf 86' lang='lat' dir='ltr'><strong>ab</strong></span> <span class='ocrx_word' id='word_1_109' title='bbox 258 3490 399 3586; x_wconf 83' lang='lat' dir='ltr'><strong>Achille.</strong></span> <span class='ocrx_word' id='word_1_110' title='bbox 412 3491 692 3590; x_wconf 75' lang='lat' dir='ltr'><strong>interficeretur5</strong></span> <span class='ocrx_word' id='word_1_111' title='bbox 714 3513 1012 3582; x_wconf 77' lang='lat' dir='ltr'><strong>commemorans</strong></span> 
     </span>
    </p>
   </div>
   <div class='ocr_carea' id='block_1_5' title="bbox 0 0 1084 4132">
    <p class='ocr_par' dir='ltr' id='par_1_6' title="bbox 0 0 1084 4132">
     <span class='ocr_line' id='line_1_22' title="bbox 0 0 1084 4132; baseline 0 0"><span class='ocrx_word' id='word_1_112' title='bbox 0 0 1084 4132; x_wconf 95' lang='lat' dir='ltr'><strong> </strong></span> 
     </span>
    </p>
   </div>
  </div>
 </body>
</html>
