2160 4132
130 371 183 452 '90
315 380 492 429 nunnae
521 384 577 429 unv
600 382 759 432 raom.

129 491 218 566 locis
240 492 280 567 in
303 493 579 569 matrimonium
607 496 790 595 postulari.
819 493 953 594 Hique

129 626 235 697 erant
256 639 277 685 a
300 614 512 716 Zacyntho,
534 613 948 708 Echinadibus‚Leuca·

127 728 211 824 tha,
224 730 355 807 ltlraea.
365 733 433 808 Ob
450 760 533 834 quae
544 733 665 806 multia
679 733 845 832 precibus
861 755 947 828 per·

128 847 253 922 suadet
277 851 374 951 regi,
396 849 448 922 uti
473 876 596 924 secum
620 850 667 924 ad
689 838 949 927 vindicandam
999 916 1001 923 ,

128 964 353 1040 matrimonii
364 963 535 1061 injuriam
549 965 744 1065 navigaret.
759 967 829 1041 Sed
841 979 950 1064 post·

96 1066 102 1075 ⁵
128 1106 239 1182 quam
253 1080 427 1156 devenere
439 1079 583 1152 adeum
602 1078 745 1171 locum,
761 1081 955 1178 paulisper

128 1196 310 1272 occultato
330 1194 555 1297 Ulysse‚ubi
576 1194 841 1270 Telemachum
861 1223 952 1270 rem·

126 1341 209 1414 quae
240 1313 432 1412 parabatur
468 1313 675 1405 edocuere,
705 1313 861 1386 domum
897 1312 953 1389 ad

18 1451 21 1455 '
127 1429 299 1533 Ulyssem
319 1429 413 1506 clam
436 1431 610 1520 veniunt:
623 1429 691 1502 uhi
710 1428 836 1503 multo·
853 1429 948 1509 vino

127 1545 238 1650 atque
252 1547 365 1648 epulis
376 1548 532 1648 repletos
543 1548 618 1649 jam
630 1573 760 1648 procos
767 1603 780 1642 ,
794 1547 950 1650 ingressi?

130 1666 367 1744 interficiunt.
382 1666 477 1742 Dein
492 1693 560 1764 per
576 1665 756 1743 civitatem
773 1666 952 1766 Ulyssem
976 1664 979 1670 ’

131 1787 364 1878 adventasse,
376 1783 610 1883 popularibus
626 1783 813 1885 cognitum
832 1800 889 1859 est
901 1787 953 1860 :h

131 1900 391 2002 eureisbenigue
400 1897 956 1999 etcumfavoreexoepnaaune

131 2033 167 2099 ta
181 2046 260 2119 quac
274 2018 485 2121 domi'gesta
502 2035 606 2093 erant
613 2019 800 2121 cognoscit
814 2019 954 2095 umeri*

132 2153 187 2212 tos
200 2137 372 2212 doniaant
380 2137 562 2236 suppliciis
573 2139 692 2214 afficit.
700 2142 755 2214 De
765 2138 950 2238 Penelopa

134 2257 283 2358 ejusque
295 2256 484 2355 pudicitia,
497 2257 668 2356 praeclara
687 2256 795 2330 fama.
811 2258 952 2359 Neque

132 2375 249 2448 multo
264 2391 344 2474 post
356 2375 522 2472 precibus
529 2391 635 2476 atque
641 2377 784 2448 hortatu
794 2375 956 2478 Ulyssi's,.

22 2496 24 2500 ’
133 2493 275 2564 Alcinoi
290 2492 360 2562 lilia
374 2494 531 2568 Nausica
552 2493 769 2568 Telemacho
784 2494 951 2567 denubit..

133 2607 200 2678 Per
208 2605 305 2678 idem
316 2621 459 2706 tempus
469 2611 703 2709 idomeneus,
719 2611 791 2683 dux
803 2626 943 2704 noster,

130 2724 227 2821 apud
250 2725 395 2798 Cretam
410 2725 562 2821 interiit,
579 2729 709 2803 tradito
722 2755 788 2826 per
803 2754 947 2802 succesa.

131 2841 270 2917 sionem
296 2841 451 2917 Merioni
480 2871 612 2945 regno:
629 2859 665 2917 et
690 2849 819 2918 Laerta
834 2844 955 2918 trien--

132 2960 193 3034 nio
213 2977 405 3061 postquam
413 2947 511 3035 'filius
523 2964 676 3036 domum
695 2963 822 3057 rediit,
836 2963 955 3036 finem-

135 3078 212 3152 ritae
229 3079 328 3152 fecit.
354 3078 573 3154 Telemacho
590 3109 634 3155 ex
646 3081 801 3155 Nausica
819 3098 953 3155 natum·¹

132 3195 247 3269 lilium
262 3198 410 3297 Ulysses
422 3199 687 3298 Ptoliporthum
702 3199 877 3299 appellat„
