2160 4132
204 358 269 433 162
382 383 567 430 cursis
592 383 826 432 errrore.

193 491 441 591 imtrrudentes
466 493 529 594 qui
549 493 698 568 erantin
711 495 847 592 oppido
866 520 1013 596 oppug-

192 635 278 683 nare
305 609 425 708 coepit.
448 610 559 711 Quod
578 609 642 684 ubi
666 611 907 685 Laomedonti
934 610 1013 711 regi

191 728 402 803 nunciatum
422 745 497 824 est,
523 726 698 830 oppidum
710 730 755 817 ab
767 728 927 804 hostibus
940 756 1011 827 op»

190 848 363 948 pugnari,
380 846 486 931 Ilium
492 847 573 924 ilico
580 848 771 925 revertitur
786 879 794 920 :
810 864 847 924 et
856 848 894 921 in
908 847 1009 922 itine-

192 989 233 1038 re
244 964 372 1041 obvius
384 963 516 1037 Graecis
528 963 661 1056 factus,
674 965 719 1036 ab
731 964 892 1039 Hercule
912 963 1013 1039 ocei-

194 1081 302 1158 ditur.
330 1077 505 1153 Telamon
532 1076 670 1173 primus
698 1079 875 1175 oppidum
899 1081 1014 1154 Ilium

190 1194 335 1269 intravit
349 1225 357 1264 ε
373 1191 428 1267 cui
450 1191 627 1268 Hercules
649 1191 785 1268 virtutis
795 1216 917 1266 caussa
927 1197 1018 1267 He-

154 1406 159 1411 ·
187 1310 328 1386 sionem
354 1308 615 1384 Laomedontis
631 1308 737 1411 'regis
763 1307 875 1381 filiam
909 1309 1015 1385 dono

119 1454 122 1458 ⁴
188 1429 299 1533 dedit.
310 1427 568 1503 Laomedontis
580 1425 644 1501 filii
652 1425 804 1527 quicum
819 1451 863 1500 eo
882 1443 988 1502 erant
998 1485 1012 1523 ,

188 1546 414 1625 occiduntur.
428 1544 592 1619 Priamus
612 1543 651 1616 in
665 1541 819 1644 Phrygia
832 1560 909 1617 erat
914 1600 928 1638 ,
946 1544 1011 1619 ubi

191 1693 277 1743 eum
296 1641 508 1747 Laomedori
522 1663 600 1759 ejus
611 1678 714 1760 pater
730 1660 902 1736 exercitui
917 1689 1011 1760 prae·

189 1783 333 1861 fecerat.
347 1782 524 1858 Hercules
534 1797 571 1855 et
584 1780 648 1880 qui
664 1805 750 1854 cum
760 1796 1005 1874 eovenerant,

189 1901 346 1997 praedam
371 1924 543 1999 magnam
571 1896 753 1990 fecerunt,
769 1912 806 1971 et
829 1897 876 1971 ad
896 1923 1004 1974 naves

191 2016 481 2112 deportaverunt.
491 2013 580 2089 Inde
588 2015 740 2089 domum
753 2014 931 2112 proficisci
939 2015 1007 2090 de„

164 2210 167 2215 .
190 2133 907 2239 creveruntTelamonHesionamsecum
915 2153 1006 2210 con-

192 2268 299 2326 vexit.
966 2282 970 2287 ·

450 2753 642 2822 CAPUT
675 2757 740 2823 IV.

238 2969 327 3041 Hoc
354 2966 415 3040 ubi
434 2966 578 3039 Priamo
604 2967 812 3042 nunciatum
833 2982 907 3059 est,
933 2994 1002 3065 pa-

190 3099 283 3158 trem
311 3084 496 3177 occisum,
524 3085 616 3160 cives
634 3085 815 3183 direptos,
842 3085 999 3182 praedarn

188 3216 347 3274 avectam
358 3201 578 3292 ,Hesionam
588 3228 749 3276 sororem
758 3204 855 3276 dono
863 3203 1003 3292 damin,

189 3314 344 3414 graviter
358 3315 436 3388 tulit
450 3333 524 3390 tam
542 3319 799 3393 contumeliose
809 3316 1004 3419 Phrygiam

189 3434 402 3506 irancuum
417 3461 491 3509 esse
511 3439 531 3508 ὲ
548 3437 675 3510 Graiis.
695 3437 800 3511 Ilium
814 3436 905 3535 petit
921 3462 1010 3511 rum
