2160 4132
231 346 420 435 'ceurae
448 384 496 432 nu
523 383 676 439 raon.
796 354 866 454 169

57 499 195 592 sionanr‘
228 514 392 569 sororem
428 495 629 568 redderent.
664 499 791 571 Castor
809 552 812 556 »
828 512 866 570 et

56 614 183 687 Pollux
195 626 416 714 negaverunt
431 610 600 709 injuriam
621 611 763 687 Priamo
789 614 867 689 fac-

58 747 133 804 tam
148 755 242 823 esee,
257 727 319 802 sed
331 729 619 812 Laomedontem
629 753 693 811 ¹eos
706 729 866 825 priorem

57 848 206 929 laesisse:
226 849 451 921 Antenorem
464 845 644 919 discedere
658 834 796 945 jubent.
805 852 870 922 Ιη-ΙᾸ

59 967 104 1042 de
117 964 248 1066 Pylum
262 965 308 1039 ad
320 965 513 1037 Nestorem
531 961 649 1054 venit,
674 961 763 1036 dixit
776 965 871 1040 Nes-

59 1083 131 1158 tori
142 1082 265 1184 quade
277 1106 397 1170 caussa
406 1078 568 1156 venisset.
581 1079 655 1180 Qui
664 1095 705 1152 ut
711 1080 847 1158 audivit
855 1068 876 1176 ,¹

58 1201 164 1299 coepit
175 1199 389 1300 objurgare,
402 1224 468 1272 cur
478 1223 582 1270 ausus
590 1196 677 1271 sitin
691 1197 868 1275 Graeciam

57 1317 199 1408 venire,
216 1343 332 1415 quum
358 1343 379 1387 a
402 1314 746 1414 PhrygibusiGraeci
769 1315 870 1414 prius

56 1433 129 1508 laesi
138 1430 298 1504 fuissent.
311 1429 390 1505 Ubi
406 1429 541 1503 audivit
553 1434 718 1510 Antenor
724 1431 780 1505 ‚nil
795 1432 870 1508 ini-¹·

58 1565 242 1648 petresse,
259 1561 303 1621 ot
319 1544 577 1621 contumeliose
602 1546 745 1620 tractari
769 1546 871 1621 Pria-⁴«

61 1694 164 1765 mum
171 1722 184 1759 ,
199 1646 541 1766 navimconscendit
552 1719 566 1757 ,
579 1663 732 1739 domum
748 1691 871 1741 revere

59 1810 119 1859 sus
130 1798 194 1858 est.
207 1781 353 1858 Priamo
365 1780 442 1882 regi
456 1781 677 1856 demonstrat
685 1838 698 1875 ‚
715 1808 874 1883 quomoa·
943 1846 946 1851 ,

10 1916 14 1920 ’
59 1904 108 1977 do
117 1899 361 2000 unusquisque
373 1897 618 1996 responderit,
632 1915 667 1974 et
682 1902 869 2000 quomodo

59 2021 106 2093 ab
129 2018 195 2090 illis
219 2031 387 2092 tractatus
408 2015 452 2089 sit
476 2048 484 2088 :
513 2015 691 2117 simulque
706 2019 869 2094 hortatus

59 2153 114 2212 est
124 2135 310 2209 Priamum
321 2187 335 2226 ,
346 2147 388 2208 ut
407 2157 469 2209 eos
481 2132 575 2207 bello
593 2151 840 2246 persequatur

317 2692 506 2761 eaeor
538 2644 607 2760 vrss

107 2846 321 2919 Conrrnuo
336 2840 499 2912 Priamus
511 2840 603 2914 filios
614 2840 733 2914 vocari
744 2841 866 2940 jubet,

54 2979 95 3040 et
114 2985 240 3035 omnes
252 2954 386 3033 amicos
404 2980 505 3050 suos,
522 2958 768 3051 Antenorem,
784 2960 866 3061 An-
907 3026 920 3045 ,
1035 3030 1037 3037 ,

56 3078 199 3168 chisen,
217 3068 375 3168 AEnean,
392 3072 677 3177 Ucalegontem,
695 3072 865 3155 Bucolio-

54 3223 162 3288 nem,
183 3193 386 3286 Faustum,
406 3195 633 3290 Lamponem
642 3246 655 3285 ‚
682 3207 718 3266 et
737 3218 864 3271 omnes

56 3314 148 3390 filios
164 3312 283 3415 quiex
300 3309 508 3386 concubinis
523 3309 596 3383 nati
613 3325 724 3384 erant.
735 3312 810 3413 Qui
822 3329 863 3389 ut

51 3417 864 3536 convenerunt,dixiteisseAntenoremlega·

155 3578 200 3625 ιι.
587 3588 589 3593 ’
695 3547 720 3629 8
