2160 4132
210 368 281 453 aio
386 400 568 448 unauna
596 399 652 446 nn
679 395 850 446 rnoraa

397 591 598 663 CAPUT
632 589 855 663 XXXII.

264 766 419 840 Taurus
443 789 572 864 pugnae
607 757 853 855 supervenit,
891 761 1029 861 Trojani

217 882 414 959 exercitum
438 880 604 955 educunt.
630 878 769 951 Contra
795 876 939 978 Argivi
962 903 1031 976 pro

220 999 341 1075 deunt.
356 997 511 1071 Achilles
529 992 785 1096 Myrmidonas
806 991 965 1068 instruit
973 1050 985 1089 ,
999 994 1030 1067 ad

219 1118 534 1215 Agamemnonem
545 1126 687 1210 paratos
699 1109 835 1184 mittit.
850 1111 908 1184 Fit
920 1136 1033 1213 pugna

219 1232 339 1332 major
362 1262 371 1303 ε
394 1229 521 1305 acriter
536 1228 687 1302 saevitur.
703 1227 862 1302 Troilus
882 1228 1033 1303 enimin

220 1348 340 1448 prima
367 1347 441 1423 acie
467 1347 619 1448 Argivos
640 1344 754 1418 caedit.
781 1347 1033 1448 Myrmidonas

223 1464 448 1566 persequitur
471 1495 479 1535 ε
503 1462 776 1561 impressionem
800 1463 894 1539 facit
916 1465 954 1537 in
973 1488 1034 1538 cas·

225 1600 311 1658 tra:
336 1581 469 1657 multos
493 1579 621 1654 occidit
647 1609 655 1648 :
682 1575 871 1675 plurimos
896 1580 1030 1655 sauciat.

225 1701 318 1800 Ajax
337 1698 567 1775 Telamonius
587 1693 733 1771 obstitit.
749 1697 912 1798 Trojani
927 1700 1033 1774 victo-

223 1841 281 1889 res
299 1815 336 1887 in
359 1815 534 1912 oppidum
552 1826 790 1888 revertuntur.
811 1817 960 1890 Postera
978 1813 1032 1891 die

225 1932 480 2032 Agamemnon
504 1929 700 2004 exercitum
723 1929 852 2006 educit
877 1963 885 2002 :
911 1956 1032 2005 ornnes
1067 1888 1070 2003 l

226 2047 334 2121 duces
346 2061 382 2120 et
397 2046 646 2146 Myrmidones
657 2044 854 2142 prodeunt.
872 2051 1031 2122 Econtra

227 2162 377 2262 Trojani
400 2162 469 2236 laeti
492 2164 530 2236 in
552 2163 665 2238 aciem
689 2161 888 2259 prodeunt.
910 2162 1031 2237 Proelio

227 2279 420 2367 commisso
436 2296 587 2381 uterque
612 2278 785 2353 exercitus
806 2279 907 2355 inter
926 2308 964 2354 se
985 2278 1032 2351 di·

227 2400 388 2473 micant:
410 2396 539 2471 acriter
558 2423 623 2494 per
643 2396 777 2498 aliquot
793 2397 870 2472 dies
891 2425 1031 2499 pugna-

226 2528 314 2583 tur:
333 2512 446 2583 multa
467 2512 577 2584 millia
600 2513 786 2587 hominum
807 2539 852 2584 ex
877 2529 1032 2612 utraque

225 2639 327 2724 parte
347 2625 489 2699 cadunt.
516 2629 661 2703 Troilus
682 2625 925 2732 Myrmidonas
948 2654 1035 2724 per-

223 2743 408 2844 sequitur,
429 2746 574 2841 sternit,
591 2749 705 2849 fugat.
721 2751 980 2850 Agamemnon
998 2760 1032 2818 ut

233 2862 320 2938 vidit
333 2863 452 2961 plures
466 2891 509 2937 ex
522 2890 585 2938 sua
597 2881 698 2964 parte
712 2863 846 2941 occisos
854 2920 867 2958 ,
883 2863 1035 2937 inducias

226 2981 265 3055 in
290 2983 364 3057 dies
391 2980 535 3082 triginta
562 2984 672 3080 petit,
693 2999 734 3056 ut
759 3007 842 3056 suos
866 2982 1031 3055 funerare

225 3099 346 3193 possit.
366 3098 527 3171 Priamus
541 3098 699 3175 inducias
712 3098 831 3194 dedit,
844 3124 931 3175 snos
944 3099 1034 3201 quis-

224 3238 294 3310 que
309 3214 528 3314 sepeliendos
541 3233 651 3293 curat.
