2160 4132
138 353 204 426 153
312 378 489 426 osenna
516 378 571 422 nn
599 375 749 423 rnorn.

129 504 397 562 consuescerent
409 487 523 562 Graeci
536 487 581 559 ad
589 513 651 559 sua
662 487 780 559 littora
788 485 938 560 navibus

127 607 339 695 adventare,
353 605 466 678 Mittit
494 605 616 704 itaque
639 604 685 678 ad
707 619 854 702 portum
872 603 939 702 qni

128 722 265 815 dicant,
282 740 322 795 ut
329 722 448 797 Graeei
460 722 504 794 de
513 720 643 792 finibus
650 720 727 821 ejus
735 719 934 794 discedant:

128 853 163 912 et
176 837 289 911 sinon
303 837 397 912 dieto
411 837 631 930 obedissent,
650 851 729 911 tum
739 863 813 912 sese
827 835 936 908 armis

128 955 326 1055 ejecturum
340 956 384 1028 de
399 953 538 1027 linibus.
553 960 577 1028 J
577 980 660 1028 ason
670 970 706 1029 et
719 955 780 1054 qui
794 981 876 1029 cum
891 977 937 1027 eo

129 1087 319 1164 venerant,
337 1071 491 1172 graviter
509 1054 665 1144 tulerunt
682 1070 938 1144 ,crudelitatem

127 1189 401 1282 Laomedontis,
417 1188 466 1262 sic
477 1215 513 1262 se
521 1188 565 1260 ab
577 1213 620 1262 eo
632 1186 794 1280 tractari,
817 1213 937 1284 quum

53 1314 77 1353 1'
128 1304 223 1401 nulla
236 1306 280 1377 ab
302 1304 368 1378 illis
386 1303 515 1403 injuria
533 1304 624 1378 faeta
644 1318 758 1378 esset:
777 1300 938 1375 simulet

128 1421 302 1497 timebant
324 1421 592 1497 multitudinem
613 1421 873 1512 Romanarum,
907 1419 939 1492 si

128 1557 252 1616 contre
264 1541 459 1640 imperium
473 1555 686 1635 conarentur
702 1563 914 1637 permanere
922 1588 937 1631 ,-

127 1685 173 1732 ne
187 1656 499 1757 opprimerentur:
519 1684 632 1756 quum
648 1655 715 1754 ipsi
732 1681 805 1727 non
822 1669 938 1728 essent

127 1777 240 1871 parati
253 1776 297 1846 ad
311 1773 570 1869 proeliandum,
585 1773 703 1846 navim
718 1770 936 1845 conscenffl-

126 1903 230 1978 runt,
245 1902 364 1958 eterra
373 1899 609 1976 recesserunt,
623 1885 777 1959 Colchos
785 1886 935 1984 profecti

56 1996 59 2001 ’
126 2017 227 2103 sunt,
241 2000 371 2099 pellem
386 1999 624 2094 abstulerunt,
643 2001 794 2077 donmm
806 2003 936 2080 reversi

129 2131 221 2191 sunt.

378 2298 569 2366 CAPUT
603 2301 686 2364 III.

84 2524 90 2539 t
176 2470 379 2539 Hsncumzs
392 2466 632 2571 'gravitertulit
648 2496 665 2539 a
682 2495 764 2570 rege
778 2474 936 2542 Laome-

128 2583 236 2654 donte
248 2580 503 2654 contumeliose
514 2607 588 2663 sese
603 2597 809 2675 tractatum,
824 2600 859 2656 et
870 2610 934 2656 eos

19 2761 22 2765 ,
129 2695 189 2798 qui
205 2725 274 2769 una
284 2697 435 2795 profecti
448 2700 936 2795 erantcolctos,·cumtas0-

127 2844 192 2910 ne,
206 2820 441 2915 Spartamque
451 2819 498 2891 ad
507 2820 692 2893 Castorem
707 2834 743 2893 et
754 2819 937 2892 Pollucem

128 2934 235 3010 venit.
245 2938 274 3009 Α
280 2935 423 3037 gitcum
434 2934 506 3029 his,
521 2953 689 3011 utsecum
701 2963 780 3010 suas
792 2934 939 3036 injurias

127 3051 337 3144 defendant,
354 3079 399 3139 ne
418 3055 627 3134 Laomedon
650 3054 798 3152 impune
827 3054 939 3145 ferat,

19 3256 22 3265 Ι
128 3168 226 3264 quod
250 3167 327 3240 illos
343 3197 361 3240 a
380 3183 472 3242 terra
499 3185 534 3243 et
561 3185 668 3266 portu
690 3170 941 3267 prohibuisset.

56 3379 62 3385 μ
128 3281 262 3353 Multos
285 3283 464 3380 adjutores
488 3285 572 3359 dicit
591 3288 751 3380 futuros,
777 3288 804 3360 si
822 3314 858 3362 se
878 3314 941 3361 ac-

126 3399 429 3478 commodassent.
459 3405 586 3481 Castor
611 3421 647 3483 et
670 3405 794 3480 Pollux
819 3403 943 3480 omnia
