2160 4132
209 274 282 368 214
388 296 571 346 nunnae
600 298 651 342 un
679 290 835 344 raom.

456 473 645 543 CAPUT
680 471 773 539 XX.

259 649 434 721 Pos‘rnni
456 646 513 719 die
536 641 751 741 Grajugenae
775 638 947 714 inducias
965 666 1029 740 pe·

212 781 305 839 tunt.
328 763 482 851 Achilles
495 757 698 836 Patroclum
719 755 878 859 plangit,
896 759 1028 860 Graju-

214 910 314 986 genae
351 906 444 955 suos.
489 883 745 978 Agamemnon
787 875 1028 951 Protesilaum

213 997 406 1100 magnifico
419 995 546 1068 funere
559 995 661 1066 effert
668 1006 915 1093 ‚caeterosque
928 1021 1026 1092 sepe-

213 1117 350 1190 liendos
364 1129 476 1190 curat.
494 1110 648 1187 Achilles
667 1108 831 1183 Patroclo
854 1110 957 1185 ludos
972 1111 1025 1186 fu-

214 1231 451 1308 nebresfacit
469 1234 568 1304 Dum
581 1226 730 1301 induciae
746 1242 846 1320 sunt,
866 1228 1026 1304 Palame-

216 1347 279 1422 des
296 1373 368 1420 non
391 1361 502 1420 cessat
515 1340 725 1417 seditionem
747 1340 898 1416 facere:
890 1341 1027 1445 ·indig·

214 1491 305 1538 num
338 1490 461 1563 regern
498 1463 814 1561 Agamemnonem
849 1482 927 1532 ene
965 1457 1027 1558 qui

215 1580 386 1659 exercitui
400 1580 554 1677 imperet
568 1593 604 1650 et
619 1574 806 1648 indoctum
822 1573 924 1648 dixit.
946 1579 1027 1674 lpse

217 1725 340 1774 coram
355 1696 511 1770 exercitu
524 1692 636 1766 multa
649 1718 712 1765 sua
727 1692 884 1766 ostendit
897 1694 1025 1766 studia.

215 1813 339 1888 Primo
372 1837 473 1883 suam
502 1808 793 1901 exscensionem,
824 1825 1026 1884 castrorum

216 1927 477 2020 munitionem,
489 1925 690 2027 vigiliarum
702 1925 972 2022 circuitionem,
986 1927 1029 2000 si-

218 2047 281 2150 gni
290 2044 676 2140 dationem,librarum
686 2044 964 2146 ponderumque
975 2045 1029 2121 di-

218 2165 464 2255 mensionem,
487 2160 731 2261 exercitusque
751 2160 1029 2237 instructionem

219 2281 385 2356 ostendit.
408 2281 501 2351 Haec
524 2304 637 2376 quum
654 2305 675 2348 a
696 2303 732 2350 se
754 2293 830 2351 acta
855 2278 1030 2371 fuissent,

219 2424 294 2470 non
315 2420 458 2492 aequum
478 2419 572 2484 esse,
598 2421 710 2491 quum
733 2394 887 2503 apauucis
902 2395 1031 2492 impe-

182 2579 185 2585 ,
218 2511 314 2581 rium
346 2508 470 2580 datum
503 2509 772 2607 Agamemnoni
800 2523 906 2601 esset,
936 2535 1031 2584 eum

220 2626 389 2701 omnibus
407 2625 470 2726 qui
486 2641 609 2724 postea
631 2627 893 2719 convenissent,
909 2625 1032 2725 impe-

219 2774 300 2821 rare
322 2777 330 2820 ε
349 2742 505 2817 maxime
519 2772 633 2844 quum
651 2771 776 2818 omnes
790 2743 976 2845 ingenium
993 2761 1032 2819 et

220 2864 390 2939 virtutem
431 2875 646 2958 spectassent
683 2861 718 2933 in
757 2861 906 2935 ducibus
943 2859 1044 2934 suis'

219 2983 319 3055 Dum
336 2977 465 3054 Achivi
479 2978 523 3050 de
539 2977 693 3076 imperio
710 2980 803 3053 inter
822 3006 859 3053 se
872 2978 1028 3054 vicissim

220 3113 377 3188 certant,
399 3095 563 3194 proelium
585 3112 665 3192 post
686 3096 872 3170 biennium
898 3096 1034 3192 repeti-

221 3226 300 3284 tum
320 3227 382 3285 est.
400 3216 674 3312 Agamemnon,
687 3214 863 3307 Achilles,
878 3215 1035 3288 Diome-

221 3329 305 3422 des,
323 3329 506 3404 Menelaus
526 3331 722 3436 exercitum
745 3333 914 3416 educunt.
939 3335 1037 3408 Con·
