2160 4132
334 391 643 420 essooooooooo
650 397 923 427 noeaoeane&

469 575 662 644 CAPUT
693 579 720 645 Ι.

191 734 1009 866 PurusrexAEsonemfrauemhabuitAEso-

191 887 246 961 uis
260 888 353 961 filius
368 905 443 962 erat
454 893 562 962 Jasou
571 946 584 982 ,
606 893 735 967 virtute
756 910 924 992 praestans
940 928 949 967 :
966 911 1003 971 et

190 1007 254 1106 qui
265 1008 331 1080 sub
345 1007 421 1104 ejus
433 1031 546 1106 regno
558 1023 658 1079 eraut
666 1034 792 1085 omnes
799 1039 860 1086 eos
876 1012 1004 1112 hospi-

188 1137 242 1195 tes
254 1121 404 1193 habehat
412 1174 425 1212 ,
443 1135 479 1194 et
499 1121 609 1194 abeis
625 1123 835 1199 validissime
849 1131 1008 1201 amaba-

187 1250 257 1308 tur.
274 1236 385 1309 Pelias
398 1263 460 1312 rex
470 1253 510 1310 ut
522 1238 611 1313 vidit
622 1242 791 1314 Jasonem
807 1259 1005 1341 acceptum

188 1380 263 1429 esse
282 1355 469 1448 omnihus,
487 1354 619 1430 veritus
635 1372 687 1429 est
704 1385 749 1431 ne
769 1357 837 1430 sibi
849 1358 1005 1458 iujurias

187 1471 344 1566 faceret,
370 1488 455 1545 etse
472 1498 584 1572 reguo
600 1471 752 1572 ejiceret.
768 1474 863 1548 Dicit
876 1478 1001 1550 Jasoni

189 1588 332 1663 Colchis
358 1588 489 1686 pellem
521 1589 639 1662 arietis
670 1589 868 1664 inauratam
902 1620 999 1688 esse,

189 1706 575 1811 dignamejusvirtute,
593 1722 634 1779 ut
641 1735 721 1781 eam
730 1707 812 1782 inde
819 1709 975 1785 auferret
985 1770 999 1806 ‚

188 1827 310 1899 omnia
322 1853 358 1898 se
368 1825 400 1899 ei
412 1825 579 1898 daturum
595 1824 792 1922 pollicetur.
809 1829 918 1899 Jasou
934 1829 997 1901 ubi

189 1943 341 2037 audivit,
364 1959 405 2017 ut
428 1957 504 2015 erat
521 1941 624 2015 fortis
635 1941 766 2034 animi,
792 1942 903 2042 etqui
919 1945 997 2019 loca

187 2062 312 2135 omnia
327 2087 429 2135 nosse
448 2059 609 2153 volebat,
627 2055 737 2161 ¹atque
759 2059 946 2134 clariorem
957 2088 995 2136 se

187 2177 352 2252 futurum
360 2177 581 2252 existimabat
589 2198 608 2271 ,⁰
619 2177 648 2250 si
657 2177 786 2275 pellem
794 2177 994 2251 inauratam

189 2297 329 2371 Colchis
337 2297 552 2389 abstulisset,
569 2294 763 2370 dicitPeliae
771 2296 848 2397 regi
857 2323 893 2370 se
909 2297 997 2372 velle

189 2436 233 2484 eo
246 2411 298 2484 ire
307 2467 320 2504 ,
337 2411 366 2484 si
378 2410 471 2485 vires
483 2407 640 2509 sociique
652 2436 727 2481 non
739 2409 911 2483 deessent.
927 2413 997 2483 Pe-

187 2527 250 2600 lias
267 2556 329 2601 rex
343 2530 484 2629 Argum
497 2525 731 2600 architectum
745 2527 861 2602 vocari
871 2527 997 2626 jussit,

187 2645 273 2721 etei
290 2645 442 2742 imperat
461 2658 510 2731 ut,
523 2670 650 2718 navem
670 2645 859 2719 aedificaret
883 2670 995 2742 quam

187 2761 480 2862 pulcherrimam,
488 2760 532 2834 ad
546 2758 919 2835 volontatemJasonis.
927 2761 997 2831 Per

186 2895 300 2954 totam
321 2877 494 2954 Graeciam
519 2902 646 2950 rumor
664 2874 841 2968 cucurrit,
866 2901 996 2948 navem

184 2995 366 3086 aedificari,
386 2994 507 3092 inqua
525 2991 678 3067 Colchos
695 3008 752 3066 eat
769 2995 901 3082 Jasou,
916 2989 998 3086 pel-

182 3110 255 3186 lem
277 3137 421 3183 auream
440 3111 626 3206 petiturus.
642 3106 763 3182 Amici
783 3121 819 3181 et
838 3106 997 3204 hospites

179 3228 400 3300 adJasonem
407 3241 601 3318 venerunt,
618 3224 917 3322 etpollicenturse
924 3247 997 3292 una

179 3344 304 3417 ituros.
323 3346 432 3415 Jasou
454 3341 583 3444 gratias
603 3341 671 3414 illis
685 3339 758 3442 agit
777 3371 785 3411 :
806 3355 842 3413 et
858 3336 998 3437 rogavit

177 3475 218 3535 ut
234 3458 345 3559 parati
363 3472 478 3533 essent
498 3484 612 3558 quum
632 3472 776 3559 tempus
788 3451 998 3555 superveni-
