2160 4132
202 318 251 393 50
385 343 565 391 cunnus:
594 347 650 392 un
676 348 834 398 unere.

200 455 500 556 impugnaverant
531 456 637 530 talem
666 458 807 557 virum,
834 463 952 538 studio
977 465 1019 539 in

199 587 320 675 partes
330 570 528 647 discedunt.
538 574 689 648 Interim
697 577 1017 681 Ajaxindignatus,

196 707 237 775 ct
250 691 298 765 0b
311 690 349 765 id
361 690 474 767 victus
486 691 612 768 dolore
626 693 760 790 animi,
773 697 892 797 palam
907 713 1018 798 atque

198 807 239 889 in
267 836 331 883 ore
359 810 527 887 omnium
558 812 754 901 vindictam
779 842 816 889 se
842 815 1017 918 sanguine

195 953 329 1037 eorum
347 927 514 1027 aquibus
534 926 769 1028 impugnatus
785 950 875 1007 esset
884 989 896 1026 ‚
913 961 1018 1010 exac-

198 1060 324 1137 turum
346 1041 549 1117 denunciat.
566 1046 691 1142 Itaque
713 1072 757 1118 ex
783 1074 827 1120 eo
844 1050 1020 1148 Ulysses,

195 1152 456 1263 ‘Agamemnon
472 1174 509 1232 ct
534 1158 718 1234 Menelaiis
737 1164 936 1237 custodiam
961 1170 1021 1242 sui

197 1303 354 1380 augere,
380 1291 417 1350 et
441 1302 514 1376 quo
535 1276 683 1352 tutiores
708 1294 846 1373 essent,
872 1307 1019 1357 summa

198 1385 271 1498 upc
290 1380 489 1497 invigilare.
510 1396 561 1471 At
580 1394 644 1467 ubi
656 1422 729 1493 nox
741 1397 883 1492 aderat,
899 1397 1021 1475 disce-

199 1496 348 1617 dentes,
363 1538 509 1589 uuoore
518 1538 645 1586 omnes
654 1510 809 1588 lacerare
820 1529 1020 1617 utrumque

201 1616 328 1739 regem
336 1658 476 1733 ,neque
492 1630 669 1729 abstinere
686 1629 900 1722 muiedictis3
915 1633 1019 1733 quip-

203 1739 252 1851 pe
278 1749 378 1851 queis
401 1746 517 1848 magis
536 1745 649 1819 libido
666 1746 955 1850 desideriumque
978 1750 1019 1825 in

204 1856 363 1960 femina,
377 1891 487 1965 quam
500 1889 643 1943 summa
657 1863 792 1967 militiae
804 1866 945 1964 potiora
961 1867 1021 1942 fo-

206 1999 300 2061 rent.
313 1979 1022 2081 Atlucisprincipi0‚Ajaceminmedio

206 2101 413 2181 exanimem
442 2101 628 2176 offendunt
658 2129 667 2170 ε
699 2099 1022 2202 perquirentesque

205 2208 336 2301 mortis
349 2245 484 2324 genus,
501 2218 785 2294 animadvertdre
800 2219 897 2295 ferro
910 2219 1024 2296 inter-

208 2326 358 2419 fectum.
374 2339 463 2415 Inde
479 2355 578 2413 ortus
589 2363 656 2436 per
668 2337 776 2414 duces
795 2354 904 2440 atque
915 2365 1025 2415 exer·

205 2461 319 2535 citum
344 2456 518 2530 tumultus
541 2455 688 2556 ingens,
718 2483 760 2530 ac
781 2456 866 2532 dcin
892 2457 1021 2532 seditio

208 2574 309 2650 brevi
324 2572 461 2664 adulta,
477 2597 591 2673 quum
608 2589 689 2648 ante
703 2574 778 2674 jam
792 2575 1020 2651 Palamedem

135 2792 138 2799 Ι
209 2693 328 2772 uirum
354 2689 454 2764 domi
484 2690 651 2792 belloque
679 2694 1021 2792 prudentissimum,

210 2839 308 2889 nunc
332 2810 483 2910 Ajacem
494 2808 671 2913 inclytum
685 2827 738 2884 tot
752 2810 904 2912 egregiis
928 2837 1022 2912 pug-

213 2932 281 3020 nis;
290 2945 396 3032 atquc
408 2944 578 3028 utrosque
587 2928 857 3035 insidiiscerum
871 2928 1023 3004 circum·

211 3063 336 3128 ventos
362 3045 647 3148 ingemiscerent.
685 3046 746 3122 Ob
782 3074 861 3147 qun
893 3072 1023 3144 supra-

211 3166 298 3244 dicti
312 3189 414 3264 reges
428 3161 554 3258 veriti,
569 3189 615 3239 ne
639 3191 710 3264 qua
733 3164 786 3238 vis
799 3165 844 3255 ab
864 3163 1024 3249 exercitu

212 3294 417 3382 pararetur,
448 3279 543 3353 intus
576 3281 686 3369 clausi
718 3280 923 3382 firmatique,
957 3305 1031 3377 per.

213 3396 444 3493 necessarios,
468 3415 628 3513 manent.
650 3399 802 3507 Interim
823 3394 1036 3498 annls.
