2160 4132
209 398 212 404 ·
302 389 488 438 ananau
517 390 575 437 nu
601 386 752 442 raom.
859 357 932 432 205

129 500 323 598 hospitium
338 501 431 576 inter
443 529 479 576 se
493 528 537 577 eo
558 519 718 598 tempore
737 525 810 601 quo
826 497 937 578 Tele-

125 618 224 716 ,phos
234 620 597 719 adhucpuer‚apatre
607 618 764 691 Hercule
773 613 938 716 progeni·

135 751 213 830 tus,
229 765 250 811 a
265 741 485 813 Teuthrante
500 764 585 838 rege
602 735 757 834 hospitio
776 749 938 831 receptus

134 869 199 928 est.
212 853 428 930 Diomedem
440 854 563 929 ferunt
574 880 659 927 cum
674 851 775 953 equis
788 848 942 949 potenti·

135 970 203 1045 hus
213 989 400 1048 venantem
413 972 541 1047 etferis
549 972 594 1044 ab
605 969 765 1045 Hercule
775 966 944 1041 interfec-
1013 1022 1017 1028 -

135 1104 233 1183 turn,
259 1090 470 1163 Teuthranti
495 1117 649 1190 regnum
668 1088 862 1163 reddidisse
884 1102 944 1160 to·
986 1129 990 1134 ·

135 1221 226 1278 turn.
259 1207 320 1279 Ob
343 1208 411 1281 hoc
438 1208 515 1306 ejus
542 1207 656 1278 filium
680 1205 884 1302 Telephum
909 1200 943 1276 ei

116 1324 121 1333 “
137 1323 316 1418 suppetias
330 1324 465 1397 venisse
482 1354 491 1392 :
516 1323 614 1420 quod
635 1348 750 1421 quum
767 1321 946 1396 Teuthras

140 1437 372 1538 intelligeret,
397 1465 433 1511 se
460 1439 588 1511 eodem
613 1439 759 1513 vulnere
787 1453 946 1511 mortem

141 1557 299 1658 effugere
317 1583 390 1630 non
410 1582 534 1654 posse,
556 1583 710 1659 regnum
725 1582 830 1628 suum
848 1553 949 1630 virus

141 1674 304 1772 Telepho
322 1673 486 1768 tradidit,
504 1689 539 1748 et
561 1701 645 1747 eum
658 1701 782 1776 regem
802 1671 951 1748 ordina·-
1027 1732 1030 1736 .

139 1789 202 1866 vit.
225 1794 322 1865 Tum
340 1817 463 1892 regem
485 1792 745 1866 Teuthrantem
768 1788 951 1887 Telephus

128 1906 331 2007 magnifiee
351 1906 522 2006 sepelivit.
545 1910 676 1985 Suadet
695 1908 726 1983 ei
741 1906 896 1983 Achilles
910 1919 951 1978 ut

142 2051 278 2098 novum
305 2051 457 2124 regnum
483 2042 687 2119 conservet,
722 2025 802 2122 plus
834 2023 951 2097 multo

147 2139 342 2215 exercitum
367 2141 592 2237 adjuturum,
616 2141 645 2213 si
669 2156 874 2214 commeatu
897 2154 954 2212 tot

149 2256 250 2328 annis
259 2255 387 2356 quihus
398 2255 527 2329 morati
538 2257 671 2330 fuerint
680 2257 724 2330 de
736 2257 864 2330 eodem
874 2283 956 2356 reg-

148 2397 197 2446 no
219 2398 280 2445 eos
297 2372 461 2471 adjuvet,
484 2401 593 2474 quam
611 2373 639 2447 si
656 2373 701 2447 ad
716 2374 867 2475 Trojam
886 2388 954 2446 eat.

148 2494 272 2590 ltaque
294 2490 474 2588 Telephus
493 2509 666 2567 remanet.
690 2492 845 2567 Achilles
870 2519 955 2566 eum

151 2636 282 2708 magna
296 2609 413 2705 praeda
430 2611 474 2681 ad
489 2610 685 2684 exercitum
706 2612 880 2685 Tenedon
901 2637 958 2684 re-

153 2724 314 2797 vertitur.
339 2725 606 2820 Agamemnoni
628 2752 704 2797 rem
720 2742 856 2824 gestam
877 2751 960 2796 nar-

155 2854 210 2910 rat
227 2870 236 2910 :
252 2841 507 2938 Agamemnon
520 2840 696 2937 approbat
706 2839 909 2939 laudatque.
